2684 3924
188 190 210 252 4
592 187 791 244 PROLOGUS.

189 340 288 400 miuus
312 337 402 399 dicit:
427 334 515 398 ‘Nolo
539 344 665 398 mortem
687 339 861 418 peccatoris,
884 336 936 398 sed
959 343 1148 399 convertatur
1170 349 1202 399 et

191 422 295 488 vivat.'

237 508 283 600 (a)
329 515 403 575 Cum
524 507 573 598 (h)
595 512 687 593 Ergo
710 513 954 594 praeparanda
974 522 1043 575 aunt
1061 514 1149 576 eorda
1169 523 1200 576 et

149 624 176 665 ao
190 623 273 684 ergo
310 606 402 664 inter·
457 620 581 682 corpora
603 609 705 663 nostra
724 610 841 664 sanotae
861 611 1087 683 praeceptorum
1109 603 1200 664 ohoe-

201 709 389 772 rogassemus
457 692 584 753 dientiae
613 687 791 753 *militanda
832 690 869 751 Et
892 691 970 770 quod
995 694 1093 752 minus
1110 691 1201 753 habet

210 781 376 862 Dominum,
456 783 488 840 in
506 798 560 841 nos
579 787 684 841 natura
702 779 853 862 possibile,
875 798 1014 859 rogemus
1033 780 1201 861 hominnm,

189 870 314 950 fratres,
364 868 401 930 de
456 876 490 930 ut
517 871 626 947 gratiae
655 887 726 930 suae
759 864 879 930 ‘iuheat
905 868 992 930 nohis
1020 868 1201 931 adiutorium

210 957 376 1019 habitatore
456 959 635 1022 ministrare.
664 957 703 1017 Et
720 959 748 1018 si
762 957 909 1036 fugientes
923 958 1074 1036 gehennae
1088 976 1200 1038 poenas

150 1065 176 1105 os
203 1046 387 1108 tabernaculi
456 1046 492 1107 ad
529 1049 618 1107 vitam
653 1045 789 1107 volumus
824 1048 980 1126 pervenire
1016 1054 1201 1128 perpetuam,

191 1137 270 1216 eius,
290 1134 402 1196 audivi·
457 1135 527 1196 dum
545 1135 641 1195 adhue
659 1142 750 1216 vacat,
771 1141 801 1196 et
819 1137 850 1196 in
868 1135 925 1196 hoo
944 1153 1068 1215 corpore
1088 1153 1201 1216 sumus,

190 1242 257 1284 mus
320 1223 403 1285 hahi—
457 1223 582 1284 ethaeo
605 1225 703 1283 omnia
725 1224 877 1302 perhanc
904 1223 980 1284 lucis
1006 1226 1096 1284 vitam
1117 1232 1202 1286 vacat

189 1312 272 1373 tandi
318 1330 403 1392 prae·
457 1312 580 1392 implere
613 1345 656 1358 —-
689 1312 870 1373 currendum
905 1319 936 1374 et
971 1313 1119 1392 agendum
1154 1321 1202 1374 est

191 1407 322 1482 ceptum3
351 1401 403 1462 sed
456 1400 544 1462 modo
573 1400 651 1480 quod
679 1403 711 1461 iu
738 1408 915 1481 perpetuum
942 1401 1028 1462 nobis
1054 1401 1199 1482 expediat.

151 1509 177 1548 oo
191 1492 217 1551 si
267 1490 403 1571 conplea-
525 1489 737 1550 Constituenda
760 1496 807 1550 est
829 1507 899 1568 ergo
918 1489 1040 1551 anobis
1059 1489 1202 1551 dominici

189 1597 255 1640 mus
290 1578 402 1640 habita·
458 1577 557 1641 schola
590 1579 712 1639 servitii.
757 1576 790 1638 ln
824 1596 880 1657 qua
912 1580 1097 1640 institutione
1126 1579 1203 1640 nihil

212 1669 285 1727 toris
317 1668 378 1727 offi·
458 1686 604 1747 asperum,
627 1666 702 1728 nihil
720 1685 807 1746 grave
827 1685 882 1727 nos
901 1669 1115 1729 constituturos
1134 1686 1201 1748 spe·

190 1757 290 1836 cium,
345 1758 403 1816 eri·
458 1775 573 1837 ramus3
593 1750 659 1839 (sed
679 1757 754 1816 etsi
773 1755 843 1834 quid
862 1754 1013 1835 paululum
1031 1758 1200 1818 restrictius

190 1861 256 1904 mus
298 1844 403 1904 here·
458 1845 586 1905 dictante
616 1846 771 1923 aequitatis
805 1847 918 1905 ratione
950 1851 1074 1924 propter
1102 1863 1202 1906 emen·

151 1948 177 1990 95
191 1931 252 1992 des
298 1935 403 2011 regni
458 1932 606 1993 dationem
628 1935 768 1994 vitiorum
786 1932 833 1993 vel
851 1935 1104 1995 conservationem
1126 1936 1201 1995 cari-

191 2018 379 2082 oaelorum.
457 2023 526 2081 tatis
540 2023 730 2102 processerit,
743 2039 804 2081 non
819 2020 887 2082 ilico
902 2040 1009 2101 pavore
1022 2025 1201 2101 perterritus

457 2109 586 2188 refugias
604 2111 681 2170 viam
701 2109 813 2190 salutis,
836 2128 910 2189 quae
928 2129 988 2171 non
1008 2117 1054 2170 est
1072 2113 1132 2171 nisi
1150 2129 1201 2171 an-

458 2205 543 2276 gusto
567 2199 652 2258 initio
675 2197 852 2278 incipienda,
874 2217 1019 2277 processu
1041 2218 1111 2260 vero
1130 2218 1201 2260 oon-

458 2288 633 2347 versationis
646 2293 678 2347 et
689 2285 759 2347 fidoi
773 2285 892 2346 dilatato
907 2287 996 2348 corde
1011 2288 1202 2350 inenarrabili

458 2375 625 2436 dilectionis
648 2374 804 2436 dulcedine
828 2378 959 2436 curritur
981 2379 1027 2437 via
1050 2377 1200 2438 mandato-

458 2481 524 2524 rum
537 2457 623 2546 liei3)
638 2471 671 2524 ut
690 2463 725 2524 ab
740 2465 835 2543 ipsius
853 2482 1015 2544 numquam
1031 2468 1201 2544 magisterio

457 2552 644 2613 discedentes
663 2554 695 2612 in
714 2554 779 2612 eius
798 2552 932 2613 doctrina
953 2572 1048 2632 usque
1067 2554 1103 2614 ad
1122 2571 1201 2614 mor-

457 2648 517 2701 tem
531 2644 563 2702 in
576 2643 756 2702 monasterio
771 2649 995 2719 perseverantes
1012 2642 1201 2722 passionibus

458 2729 569 2791 Christi
603 2749 660 2809 per
699 2732 871 2809 patientiam
906 2733 1133 2812 participemur,
1169 2739 1202 2793 ut

456 2820 560 2896 regni
584 2820 648 2878 eius
671 2836 838 2879 mereamur
861 2837 927 2880 esse
951 2828 1149 2882 consortes

263 3006 341 3076 79(n)
362 3023 425 3059 oum
448 3022 562 3075 ergo..
578 3006 745 3061 caelorum
765 3013 862 3062 entant
883 3007 915 3062 in
939 3007 1030 3075 OST,
1052 3010 1109 3064 ciel
1131 3009 1203 3078 qood

194 3094 218 3131 o.
233 3077 301 3132 87·
289 3094 321 3130 on
341 3076 364 3132 O
382 3077 513 3146 seriptum
530 3085 568 3133 est
585 3077 756 3146 habitantis,
774 3095 798 3133 o.
814 3079 879 3132 96
868 3095 900 3132 oo
917 3078 940 3133 S
956 3079 1085 3134 celorum
1113 3079 1203 3134 Amen

192 3150 241 3203 et
229 3166 260 3202 on
276 3149 302 3202 T
313 3165 420 3202 mosum
433 3153 538 3202 92-96
553 3148 693 3204 erimus..
705 3149 866 3203 ‚caelorum
882 3149 935 3219 (Of.
946 3151 1036 3234 praef.
1048 3167 1113 3221 pop.
1129 3151 1201 3220 VII)

263 3224 296 3273 79
307 3219 347 3290 (b)
372 3235 463 3290 ergo.
480 3222 646 3274 .oonsortes
668 3236 725 3275 non
748 3221 771 3274 le
789 3227 874 3276 notor
895 3222 928 3274 io
951 3221 987 3288 0,
1009 3223 1041 3274 o'n
1059 3221 1081 3275 S
1100 3221 1203 3290 scripto

192 3290 224 3343 ln
237 3291 378 3359 prinmpio
393 3263 578 3371 praefuteono's
596 3298 659 3346 ante
634 3238 812 3346 thuscufta
874 3296 907 3345 81
926 3291 1083 3346 militatura
1095 3309 1160 3347 rece.

195 3365 244 3413 101
263 3361 433 3416 monasterio
454 3362 480 3415 T
549 3367 600 3416 105
619 3379 705 3432 regno
727 3362 767 3416 T¹
839 3366 993 3431 consortes3
1012 3362 1134 3418 amenS
