2684 3924
501 161 577 216 CAP.
592 161 688 216 XXIII.
708 161 804 217 XXIV.
1113 163 1156 228 33

144 315 176 370 et
199 310 274 370 iacto
298 311 383 387 signo
407 308 517 388 absque
539 327 620 370 mora
642 318 797 389 surgentes
816 311 958 371 festinent
977 312 1104 372 Invicem
1123 330 1155 372 se

144 401 318 477 praevenire
351 397 387 458 ad
420 416 494 476 opus
521 397 588 479 Dei,
621 417 689 459 cum
721 401 802 459 omni
829 406 927 460 tamen
956 402 1096 478 gravitate
1126 408 1156 460 et

31 507 32 510 ¹
144 486 297 548 modestia.
343 485 594 548 Aduliscentiores
627 488 733 548 fratres
763 490 843 548 iuxta
876 507 908 548 se
938 506 997 549 non
1029 487 1155 549 habeant

145 573 252 657 lectos,
281 574 333 636 sed
359 577 501 654 permixti
528 593 596 636 cum
619 575 795 636 senioribus.
842 577 1002 656 Surgentcs
1025 594 1095 636 vero
1118 577 1154 637 ad

144 682 219 743 opus
238 663 291 724 Dei
315 665 441 724 invicem
465 682 497 724 se
515 663 666 725 moderate
685 663 879 725 cohortentur
896 673 1018 744 propter
1037 683 1153 726 somno·
1169 681 1194 722 1⁵

143 751 293 814 lentorum
316 755 531 814 excusationes.

172 974 311 1030 .XXIII.
339 977 400 1031 DE
417 975 858 1032 EXOOMMUNIOATIONE
875 977 1107 1034 OULPARUM.

213 1107 246 1166 Si
268 1110 335 1186 quis
357 1108 449 1168 frater
472 1114 629 1168 contumax
652 1114 702 1168 aut
725 1106 918 1168 inoboediens
940 1116 991 1170 aut
1009 1109 1155 1188 superbus

34 1187 39 1198 '
143 1201 196 1256 aut
217 1214 405 1256 murmorans
429 1202 480 1255 aut
502 1197 533 1256 in
556 1195 654 1275 aliquo
677 1199 825 1256 contrario
849 1198 1015 1258 consistens
1037 1206 1154 1259 sanctae

144 1283 264 1362 repulse
283 1292 313 1345 et
330 1285 497 1364 praeceptis
517 1287 668 1345 seniorum
683 1302 804 1345 suorum
819 1292 1004 1364 contemptor
1017 1294 1153 1365 repertus

144 1372 246 1433 fucrit:
266 1372 314 1433 bic
333 1372 497 1434 secundum
511 1371 628 1434 Domini
647 1375 742 1434 nostri
758 1380 948 1452 praeceptum
962 1373 1154 1434 admoneatur
1181 1387 1193 1428 o

143 1459 236 1521 semel
254 1469 285 1522 ct
302 1457 451 1522 *secundo
470 1469 585 1522 secreto
603 1481 620 1522 a
639 1460 807 1523 senioribus
827 1463 912 1546 suis..
930 1460 962 1521 Si
980 1478 1039 1521 non
1054 1479 1152 1522 emen·

144 1548 267 1632 daverit,
288 1548 461 1629 obiurgetnr
479 1548 597 1629 publica
617 1568 716 1610 coram
735 1547 880 1609 omnibus.
918 1548 950 1609 Si
967 1567 1037 1610 vero
1056 1568 1152 1629 neque

143 1640 187 1698 sic
205 1634 395 1718 *correxerit
414 1640 440 1698 si
459 1637 604 1718 intellegit
625 1637 720 1717 qualis
738 1655 833 1716 poena
852 1639 900 1717 sit,
919 1641 1152 1699 excommunica-

142 1727 217 1788 tioni
236 1726 398 1808 subiaceat;
422 1729 587 1787 sinautem
605 1725 748 1805 inprobus
768 1734 822 1806 est,
843 1725 988 1788 vindictae
1007 1726 1152 1806 corporali

143 1814 295 1876 subdatur.
1165 1829 1191 1869 1⁰

282 2021 396 2077 XXIV.
426 2020 574 2091 QUALIS
588 2020 735 2075 DEBET
750 2019 852 2075 ESSE
870 2019 1013 2075 MODUS

420 2108 873 2164 EXOOMMUNIOATIONIS.

209 2239 378 2301 Secundum
400 2239 521 2300 modum
544 2239 646 2318 culpae
667 2241 980 2300 excommunicationis
997 2237 1044 2299 val
1062 2238 1150 2299 disci·

141 2328 239 2408 plinae
263 2327 352 2389 debet
374 2327 494 2388 extendi
512 2346 663 2410 mensura3
687 2330 739 2406 qui
757 2325 910 2405 culparum
928 2327 1033 2388 modus
1051 2329 1083 2387 in
1102 2326 1151 2387 ab·

142 2416 219 2478 batis
241 2413 369 2495 *pendat
391 2416 510 2476 iudicio.
557 2416 589 2476 Si
612 2419 679 2495 quis
702 2423 801 2477 tamen
823 2415 915 2475 frater
937 2418 969 2475 in
991 2415 1151 2476 levioribus
1178 2429 1191 2470 s

140 2504 238 2585 culpis
256 2508 414 2585 invenitur,
433 2501 467 2565 *a
485 2522 604 2564 mensae
623 2505 849 2583 participatione
869 2505 1009 2582 privetur.
1041 2502 1151 2563 Privati

141 2601 241 2654 autem
268 2613 284 2654 a
312 2611 431 2654 mensae
459 2594 607 2654 consortio
634 2595 692 2652 ista
715 2594 772 2652 erit
794 2593 882 2671 ratio,
910 2598 943 2651 ut
966 2593 997 2652 in
1020 2592 1150 2651 oraturio

141 2681 288 2760 psalmum
316 2690 366 2744 aut
387 2681 555 2743 antesanam
576 2698 636 2741 non
659 2682 781 2759 inponat
803 2698 900 2758 neque
923 2678 1080 2741 lectionem
1103 2697 1150 2740 rc·

141 2773 214 2831 citet
235 2789 330 2850 usque
353 2771 390 2832 ad
414 2770 655 2851 satisfactionem3
678 2769 870 2830 refectionem
889 2775 987 2829 autem
1005 2767 1064 2829 cibi
1082 2776 1149 2847 post

141 2858 266 2920 fratrum
297 2860 490 2921 reiectionem
522 2858 602 2919 solus
634 2860 774 2940 accipiat,
805 2865 852 2939 ut,
884 2859 911 2918 si
941 2856 1026 2919 verbi
1057 2859 1149 2936 gratia
1165 2872 1190 2911 ιο

214 3087 246 3136 13
266 3081 353 3153 adut]
372 3084 468 3136 nutem
485 3081 549 3136 add.
571 3080 594 3134 O
665 3087 698 3136 14
716 3081 791 3135 lecta
809 3081 840 3136 E

210 3152 299 3208 XXIII
317 3159 333 3206 3
352 3155 403 3206 aut
423 3152 506 3208 OSE
538 3151 583 3205 vel
604 3151 630 3205 T
707 3151 846 3206 contrario
869 3151 1023 3206 consistens
1047 3149 1088 3220 (id
1113 3158 1151 3206 eat

141 3221 194 3290 obv,
215 3230 248 3280 ot
266 3240 287 3279 c.
303 3227 378 3290 25,5
409 3222 448 3277 sit
467 3222 629 3293 persistens.
665 3222 748 3278 Area.
762 3224 812 3277 IX
824 3225 890 3293 307)
910 3222 960 3277 OS
993 3221 1149 3275 contrarius

141 3292 263 3348 existens
284 3293 381 3349 TEH
453 3295 681 3349 summoneatur
697 3293 750 3349 ST
823 3291 992 3364 osmundo]
1010 3291 1153 3348 iterumS

212 3367 319 3420 secreto
338 3367 379 3436 (ot
397 3381 418 3420 c.
433 3367 519 3435 27,7)
540 3364 590 3420 OS
623 3367 728 3419 secreta
749 3364 812 3420 ΤΗ

213 3435 297 3492 xxlv
316 3442 333 3490 3
352 3435 451 3506 culpae
474 3439 504 3490 et
522 3451 579 3490 exo.
601 3434 664 3489 ΤΗ
750 3434 892 3506 spondet
911 3433 969 3490 OE
1002 3433 1107 3504 pendat
1127 3433 1153 3488 Τ

139 3504 282 3576 penditS
314 3506 439 3577 pendeat
456 3507 491 3561 H

192 3605 316 3647 Banaditati
329 3607 426 3658 Regula.
976 3600 991 3647 3

15 3839 304 3859 m*-
