2684 3924
207 193 247 257 16
639 193 715 249 OAP.
729 193 776 248 VI.

203 341 372 423 exhibetur,
395 344 459 422 ipse
483 343 563 402 euim
586 340 673 403 dixit:
697 336 770 413 ‘Qui
793 360 844 402 vos
867 343 950 403 audit
972 361 1020 404 me
1039 338 1146 404 audit'
1175 343 1214 405 Et

163 447 272 492 cocum
294 430 372 492 hono
392 432 489 492 animo
513 429 651 509 praeberi
673 448 690 491 a
708 429 864 510 discipulis
888 438 1013 511 oportet,
1036 434 1105 511 qnia
1129 427 1215 494 ‘hila-

204 537 268 580 rem
286 518 418 581 datorem
437 518 535 598 diligit
552 514 661 600 Deus'3
684 537 753 580 nam
772 538 839 581 cnm
858 518 935 580 malo
954 521 1052 581 animo
1076 521 1101 581 si
1125 520 1216 582 oboe-

203 608 246 668 dit
274 607 451 688 discipulus,
480 615 511 668 et
537 625 598 669 nou
628 606 723 668 solum
752 625 803 668 ore
832 608 884 670 sed
907 610 998 669 etiam
1020 610 1052 670 in
1075 609 1164 671 corde
1189 613 1217 671 si

203 697 437 777 murmoraverit,
460 699 576 757 etiamsi
599 696 720 776 impleat
741 699 914 777 iussionem,
935 704 1034 758 tamen
1057 706 1214 778 acceptum

202 787 261 846 iam
283 803 343 846 non
366 787 424 846 erit
446 784 506 846 Deo
526 787 578 864 qui
601 803 652 846 cor
675 787 740 845 eius
768 787 891 864 respicit
913 794 1160 866 murmorantem,
1184 794 1215 848 et

163 892 191 932 es
203 891 257 951 pro
287 872 338 934 tali
361 873 438 934 facto
462 873 572 935 nullam
595 875 788 953 consequitur
811 875 948 954 gratiam,
971 876 1061 935 immo
1085 893 1213 955 poenam

203 964 450 1023 murmorantium
479 965 619 1043 incurrit,
646 963 754 1023 sinon
778 981 846 1023 cum
870 963 1070 1024 satisfactione
1094 958 1213 1026 *emen-

204 1049 324 1111 daverit.

455 1222 503 1277 VI.
532 1221 594 1276 DE
612 1221 965 1279 TAOETURNITATE.

265 1351 419 1413 Faciamus
450 1351 528 1432 qnod
561 1353 602 1412 ait
633 1352 790 1432 propheta:
828 1348 923 1414 ‘Dium
956 1353 1119 1414 custodiam
1151 1355 1214 1414 vias

204 1459 298 1523 meas,
324 1447 359 1502 ut
385 1459 444 1501 non
473 1439 643 1520 delinquam
670 1443 701 1501 in
729 1439 828 1519 lingua
858 1459 936 1522 mea,
963 1445 1051 1519 posui
1079 1441 1125 1502 ori
1147 1459 1214 1503 meo

205 1531 382 1611 custodiam,
409 1529 544 1591 obmutui
572 1537 601 1590 et
623 1528 795 1592 humiliatus
819 1548 884 1590 sum
913 1537 943 1590 et
966 1529 1035 1590 silui
1063 1549 1079 1590 a
1102 1524 1215 1591 bonis’

176 1618 258 1680 5Hic
278 1618 407 1680 ostendit
425 1619 581 1699 propheta:
601 1621 628 1679 si
646 1617 763 1679 abonis
778 1617 904 1700 eloquiis
922 1618 1072 1680 interdum
1091 1627 1214 1698 propter

203 1709 434 1768 taciturnitatem
462 1707 551 1769 debet
576 1709 683 1788 taceri,
713 1714 822 1788 quanto
845 1709 939 1787 magis
962 1726 979 1768 a
1005 1707 1090 1768 malis
1114 1707 1215 1768 verbis

204 1801 326 1874 propter
348 1813 475 1873 poenam
497 1798 611 1876 peccati
634 1795 722 1857 debet
745 1799 864 1857 cessari.

268 1882 347 1962 Ergo
371 1886 504 1962 quamvis
528 1884 674 1946 debonis
702 1892 731 1945 et
759 1888 870 1947 sanctis
894 1884 1130 1946 aedificationum
1153 1884 1213 1946 elo-

204 1973 282 2051 quiis
305 1972 445 2051 perfectis
474 1972 628 2051 discipulis
655 1980 778 2052 propter
806 1975 1016 2035 taciturnitatis
1040 1975 1212 2052 gravitatem

165 2081 190 2122 10
204 2079 270 2121 rara
293 2059 433 2141 loquendi
457 2060 635 2122 concedatur
658 2060 790 2142 licentia,
814 2065 882 2141 quic
906 2065 1049 2141 seriptum
1073 2071 1131 2122 est:
1165 2056 1214 2121 ‘ln

204 2149 391 2229 multiloquio
414 2167 474 2210 non
493 2149 616 2228 effugies
635 2145 819 2231 peccatum'3
843 2157 872 2210 et
890 2148 973 2210 alibi:
997 2145 1088 2209 ‘Mors
1107 2157 1137 2210 et
1154 2151 1213 2210 vita

203 2240 235 2298 in
267 2237 403 2299 manibus
437 2233 579 2316 linguac'
624 2235 699 2298 Nam
729 2236 810 2316 loqui
842 2245 872 2298 et
901 2238 1009 2298 docere
1038 2239 1213 2316 magistrum

204 2326 360 2409 coudecet,
383 2333 481 2388 tacere
511 2334 540 2386 et
567 2326 669 2387 audire
693 2323 871 2405 discipulum
895 2327 1040 2387 convenit.
1085 2324 1123 2386 Et
1145 2325 1213 2386 ideo

208 2418 233 2476 si
256 2435 313 2496 qna
337 2415 516 2495 requirenda
541 2423 610 2476 sunt
633 2433 648 2476 a
671 2417 781 2496 priore,

164 2526 190 2566 15
249 2498 295 2589 (a)
318 2524 386 2580 cum
413 2523 526 2566 summa
545 2523 682 2566 reveren·
781 2495 830 2588 (b)
854 2522 922 2565 cum
946 2504 1026 2564 omni
1048 2502 1213 2565 hnmilitate

203 2595 244 2654 tia
259 2641 264 2654 .
281 2641 301 2675 ‚,
320 2613 358 2656 ne
372 2594 506 2656 videatur
519 2593 587 2674 plus
601 2593 683 2674 loqui
739 2601 769 2654 et
805 2591 989 2655 subiectione
1030 2595 1213 2658 reverentiae

204 2701 291 2760 quam
316 2684 443 2763 expedit.
491 2754 494 2759 ¹
738 2685 937 2763 requirantur.

204 2769 404 2832 scurrilitates
441 2790 510 2834 vero
547 2772 593 2832 vel
629 2770 718 2832 verba
751 2774 845 2832 otiosa
877 2779 907 2832 et
939 2773 1033 2832 risum
1066 2771 1213 2831 moventia

204 2865 323 2919 aeterna
342 2859 477 2921 clausura
500 2863 531 2920 in
555 2859 692 2920 omnibus
720 2859 793 2920 locis
817 2861 1004 2940 damnamus,
1029 2866 1059 2919 et
1086 2858 1121 2919 ad
1144 2857 1213 2918 talia

164 2968 191 3008 so
205 2945 321 3026 eloquia
345 2947 522 3027 discipulum
546 2949 662 3029 aperire
686 2967 719 3008 os
741 2966 802 3009 non
824 2950 1032 3028 permittimus.

203 3087 416 3100 -..,..—-..-.

276 3176 310 3224 30
330 3187 347 3224 a
365 3170 433 3226 disc
450 3171 581 3240 praeberi
599 3172 651 3227 ST
720 3177 753 3225 31
773 3170 848 3224 melo
868 3170 931 3226 OSt
965 3170 1039 3224 bono
1059 3171 1086 3222 Τ

275 3241 312 3298 VI
332 3248 347 3296 6
366 3189 470 3296 lacerip
474 3243 530 3298 Sol
565 3246 659 3297 tacere
680 3242 735 3298 OT
800 3243 867 3295 8ei
885 3240 1111 3295 aedificationum
1129 3240 1181 3295 ST

206 3317 239 3366 12
259 3314 288 3365 el
306 3312 427 3381 loquiO
481 3319 513 3367 15
533 3330 595 3368 cum
612 3330 719 3368 summa
732 3311 908 3368 reverentia
925 3311 1059 3393 .expedii
1075 3311 1125 3366 OS
1141 3315 1214 3382 (post

205 3383 361 3508 qeverqqntia
379 3385 509 3440 eccidisse
523 3386 629 3440 uidetur
641 3383 829 3453 requirantur)
861 3383 1034 3470 cumomni
1051 3383 1214 3451 .requiran-

220 3472 253 3506 llr
