2684 3924
632 191 708 246 cAP.
726 191 749 246 1.

342 385 367 440 Ι.
400 386 461 440 DE
480 383 722 442 GENERIBUS
738 385 1037 442 MONAOHORUM.

253 499 463 560 Monachorum
501 506 639 578 quattuor
676 518 741 560 esse
779 517 887 579 genera
918 501 1107 562 manifestum
1142 509 1197 563 est.

186 589 319 650 Primum
342 587 576 669 coenobitarum,
603 589 659 650 hoc
689 595 735 652 est
757 588 964 649 monasteriale
987 587 1118 650 militans
1142 589 1199 651 sub

186 676 288 758 regula
315 676 361 738 vel
389 675 502 738 abbate.
547 676 659 738 Deinde
691 676 854 738 secundum
877 694 971 756 genus
999 684 1044 738 est
1072 679 1198 740 anacho-

160 768 324 846 sritarum,
341 764 386 825 id
414 773 460 826 est
486 766 698 827 heremitarum
725 765 832 826 horum
860 767 994 845 quinon
1022 762 1197 834 *couversa-

163 857 278 915 tionis
302 853 418 915 lervore
445 856 561 915 novicio
590 854 642 915 sed
666 856 838 915 monasterii
861 853 1034 933 probatione
1058 855 1198 917 diuturna

187 943 346 1004 didicerint
376 949 478 1003 contra
507 942 657 1004 diabolum
690 942 851 1004 multorum
878 938 1004 1003 *solacio
1034 945 1093 1004 iam
1117 943 1198 1006 docti

185 1049 317 1112 pugnare
348 1038 378 1092 et
403 1030 480 1092 bene
503 1027 519 1114 Δ*
527 1033 688 1112 exstructi,
720 1031 849 1093 lraterna
877 1049 913 1092 ex
940 1033 1002 1094 acie
1030 1033 1067 1092 ad
1096 1033 1197 1112 singu-

186 1120 279 1181 larem
305 1138 435 1200 pngnam
457 1121 570 1180 heremi
598 1122 697 1180 securi
723 1122 782 1180 iam
810 1122 874 1181 sine
908 1115 1128 1182 *consolatione
1156 1121 1198 1182 al-

148 1226 174 1266 1o
188 1211 282 1270 terius
306 1207 367 1269 sola
390 1227 478 1269 mann
501 1207 548 1269 vel
570 1208 691 1270 brachio
715 1216 817 1269 contra
839 1211 910 1270 vitia
933 1211 1030 1270 carnis
1053 1209 1100 1270 vel
1119 1213 1199 1290 cogi-

186 1301 332 1359 tationum
349 1293 414 1357 ileo
438 1296 597 1358 auxiliante
621 1297 773 1358 sullicinnt
795 1315 934 1377 pugnare.

254 1386 392 1447 Tertium·
411 1405 481 1447 vero
500 1386 712 1446 monachorum
734 1388 922 1447 teterrimum
941 1405 1034 1466 genus
1053 1393 1099 1448 est
1117 1405 1198 1449 sara-

186 1475 332 1537 baitarum
353 1477 405 1555 qui
423 1474 503 1536 nulla
522 1473 623 1554 regula
641 1473 804 1556 adprobati,
826 1477 1008 1554 experientia
1028 1471 1200 1558 'magistra

188 1567 266 1626 sicut
288 1582 394 1625 aurum
416 1565 558 1644 fornacis,
586 1563 638 1624 sed
666 1565 697 1624 in
720 1562 834 1643 plumbi
860 1569 995 1624 naturam
1018 1563 1125 1625 molliti
1148 1564 1198 1627 ad·

148 1669 173 1709 11
187 1653 246 1714 buc
269 1653 410 1732 operibus
437 1647 609 1714 *servantes
638 1651 754 1714 saeculo
778 1652 866 1713 fidem
893 1648 1036 1714 'mentiri
1059 1652 1119 1713 Deo
1144 1671 1201 1734 per

186 1749 340 1802 tonsuram
362 1749 539 1822 noscuntur,
568 1743 619 1820 qui
645 1739 710 1802 bini
740 1746 791 1802 ant
812 1743 892 1802 terni
915 1750 966 1802 aut
984 1749 1064 1803 certe
1088 1741 1199 1822 singuli

188 1832 252 1889 siue
275 1837 393 1909 pastore
416 1847 475 1890 non
495 1830 651 1890 dominicis
675 1829 727 1890 sed
752 1832 814 1891 suis
837 1829 946 1891 inclusi
968 1838 1039 1892 sont
1057 1829 1200 1912 ovilibus3

187 1936 241 1998 pro
274 1918 338 1998 lege
371 1919 414 1978 eis
447 1925 493 1978 est
525 1918 742 1979 desideriorum
771 1918 919 1999 voluptas,
956 1936 1023 1980 cum
1054 1919 1198 1999 quidquid

187 2008 357 2086 putaverint
376 2005 423 2066 vel
446 2005 599 2086 elegerint,
622 2007 678 2067 hoc
702 2007 804 2068 dicunt
823 2014 967 2088 sanctum,
990 2014 1020 2068 et
1042 2008 1121 2086 qnod
1145 2026 1197 2068 uo-

148 2111 175 2151 eo
189 2095 312 2175 luerint,
341 2095 397 2155 boc
419 2102 524 2174 putant
546 2113 605 2154 non
628 2093 727 2155 licere.
775 2095 917 2167 Quartum
940 2114 1010 2157 vero
1035 2114 1128 2176 genus
1152 2104 1200 2158 est

187 2183 399 2244 monachornm
418 2183 495 2262 qnod
514 2185 684 2243 nominatur
702 2201 889 2266 gyrovagum,
913 2186 964 2263 qni
986 2192 1049 2248 tota
1067 2187 1126 2246 vita
1145 2204 1199 2246 sna

187 2291 242 2352 per
269 2271 400 2333 diversas
427 2273 595 2352 provincias
625 2273 718 2332 ternis
749 2279 800 2332 aut
828 2275 980 2352 quaternis
1010 2273 1115 2334 diebus
1144 2292 1201 2354 per

188 2361 373 2422 diversorum
401 2359 489 2421 cellas
516 2360 704 2440 hospitantur
734 2377 852 2441 semper
881 2364 947 2442 vagi
977 2370 1007 2422 et
1036 2381 1199 2442 numquam

188 2448 310 2511 stabiles
338 2456 368 2509 et
394 2451 524 2530 propriis
551 2447 751 2510 voluntatibus
779 2457 809 2510 et
835 2450 920 2529 gulae
948 2450 1106 2512 inlecebris
1136 2469 1199 2512 ser-

149 2541 303 2599 oviantes
335 2546 365 2599 et
396 2557 450 2618 per
482 2539 580 2599 omnia
612 2537 776 2599 deteriores
804 2538 972 2619 sarabaitis3
1005 2539 1040 2600 de
1072 2558 1199 2619 quomuu

189 2631 321 2688 omnium
341 2625 473 2706 [borum]
493 2629 661 2689 miserrima
679 2629 901 2689 couversatione
920 2627 1026 2688 melius
1045 2635 1091 2690 est
1110 2627 1200 2690 silere

190 2735 278 2796 quam
302 2715 392 2795 loqui.

260 2904 346 2978 Caput
363 2903 377 2960 1
395 2911 412 2958 4
431 2905 663 2958 anachoretarum
680 2911 709 2960 et
788 2910 803 2959 5
823 2903 1008 2959 conversionis
1027 2903 1073 2970 H,
1090 2921 1155 2959 rece.

89 3015 93 3022 -
189 2974 374 3031 ldidicerint
395 2976 493 3044 scripsi
515 2974 620 3030 comO
655 2975 704 3044 qui
727 2974 886 3030 didicerunt
904 2976 1003 3030 STH:
1027 2976 1201 3031 coniunctim

187 3049 276 3104 11111111
294 3047 396 3101 Beued.
416 3047 482 3115 quio
499 3047 599 3100 horum
616 3045 665 3114 qui
683 3047 754 3101 idem
771 3048 909 3117 aipoificot
927 3047 998 3116 quod
1017 3045 1154 3101 eiusmodi
1167 3048 1201 3100 ut

258 3117 403 3172 diabolum
420 3117 443 3172 S
514 3123 530 3171 8
549 3117 680 3171 instmcti
699 3118 752 3173 ST
822 3123 855 3172 12
873 3117 1048 3172 teterrimum
1068 3117 1161 3172 OTH
1175 3123 1201 3172 ct

186 3190 263 3245 codd.
286 3191 391 3259 aliquot
408 3189 523 3243 Hieron.
539 3190 614 3258 epist.
624 3192 671 3255 22,
681 3193 716 3242 34
747 3188 926 3243 deterrimum
940 3188 969 3256 S,
989 3189 1113 3244 Cassian.
1130 3189 1199 3243 coot.

186 3266 233 3328 18,
244 3264 269 3328 7,
280 3267 305 3316 1.
336 3261 376 3316 Aa
393 3262 428 3329 cf.
448 3261 526 3327 iufra
543 3277 567 3314 o.
585 3263 623 3314 25
642 3259 793 3314 deteriores
812 3258 963 3314 sarabaitis
1030 3257 1199 3314 sancitorum

189 3331 212 3386 0
270 3338 304 3384 14
322 3334 454 3386 naturam
466 3331 565 3400 compsi
577 3329 677 3386 coutO
703 3332 806 3384 natura
819 3331 872 3385 ST
924 3337 957 3386 15
977 3329 1166 3385 servientesS

188 3409 220 3456 17
241 3404 306 3456 aunt
324 3404 365 3473 (id
383 3409 420 3457 est
438 3401 475 3472 li)
494 3402 607 3469 addidi5
624 3400 686 3454 bini
702 3400 746 3455 vel
759 3400 834 3455 terni
846 3401 978 3464 habitent
991 3402 1107 3456 Hieron.
1123 3401 1198 3470 epist.

83 3535 85 3540 ,
186 3478 234 3540 22,
243 3478 278 3528 34
351 3475 493 3527 21totom
514 3471 602 3526 vitam
625 3489 704 3526 suom
722 3472 745 3527 S
813 3477 846 3526 26
864 3472 964 3526 horum
981 3473 1041 3540 ST,
1064 3473 1135 3542 qood
1155 3473 1200 3526 io·

187 3546 265 3612 eloai,
283 3544 350 3614 quio
368 3561 475 3600 1111111111
493 3550 531 3599 est
548 3545 580 3598 io
600 3544 622 3597 0
692 3541 804 3614 melius]
824 3543 858 3610 of.
878 3543 944 3598 Sall.
959 3545 1022 3613 Iup.
1037 3549 1082 3610 19,
1095 3549 1123 3598 2.
