2684 3924
588 200 664 256 OAP.
682 201 716 256 H.
1139 199 1159 264 9

215 349 269 412 llis
292 368 363 430 ergo
387 351 506 410 omissis
533 349 571 410 ad
594 348 816 412 coenobitarum
844 349 1040 411 fortissimum
1067 365 1160 428 genus

149 439 367 520 disponendum
391 438 546 500 adiuvante
569 437 694 499 Domino
717 441 879 500 veniamus.

307 627 350 681 11.
384 625 532 697 coms
546 625 721 682 noanon
736 590 838 684 nean
853 625 995 681 nanas.

215 739 312 801 Abbas
346 741 397 819 qui
428 757 567 820 praeesse
600 738 706 818 dignus
739 747 785 801 est
815 741 1009 822 monasterio,
1042 756 1159 818 semper

149 823 329 890 *meminere
357 826 446 889 debet
473 827 553 907 quod
580 828 702 909 dicitur,
734 835 764 889 et
790 846 899 890 nomen
925 829 1046 889 maioris
1073 826 1159 888 lactis

149 916 283 996 implere.
320 915 431 979 Christi
454 918 534 978 enim
556 934 643 996 agere
666 918 747 978 vices
769 919 801 977 in
819 919 999 979 monasterio
1019 915 1158 997 ereditur,

150 1006 266 1084 quando
290 1007 384 1086 ipsius
406 1013 529 1067 vocatur
550 1008 725 1085 pronomine
749 1005 866 1067 dicente
885 1003 1033 1085 apostolo:
1057 1001 1156 1067 ‘Acce
1183 1017 1198 1062 s

148 1096 235 1174 pistis
268 1097 406 1174 spiritum
438 1093 605 1174 adoptionis
637 1093 784 1176 liliorum,
821 1097 852 1156 in
889 1113 947 1174 quo
980 1092 1158 1155 clamamus:
1252 1094 1256 1103 '

149 1181 232 1263 abba,
254 1178 365 1264 pater.’
790 1261 792 1268 γ
905 1185 907 1188 ’

214 1271 341 1352 Ideoque
369 1271 460 1332 abbas
487 1270 562 1332 nibil
592 1279 675 1333 extra
702 1279 893 1351 praeceptum
920 1269 1051 1351 Domini,
1080 1270 1158 1349 quod

150 1359 239 1442 absit,
267 1359 373 1422 debeat
400 1367 451 1421 aut
478 1359 584 1421 docere
613 1367 664 1420 aut
691 1362 871 1421 constituere
895 1357 941 1419 vel
964 1358 1082 1439 iubere;
1106 1358 1157 1418 sed

149 1451 242 1510 iussio
271 1451 336 1510 eius
359 1447 406 1510 vel
429 1448 562 1510 doctrina
586 1448 730 1509 fermento
759 1448 874 1508 divinae
902 1448 1031 1507 iustitiae
1059 1448 1090 1506 in
1113 1446 1156 1506 di·
1172 1465 1198 1505 ro

149 1537 331 1617 scipulorum
355 1537 506 1598 mentibus
529 1543 750 1617 conspargatur,
773 1531 905 1595 'memor
924 1552 1041 1612 semper
1056 1533 1159 1614 abbas,

149 1627 218 1705 quia
246 1626 397 1687 doctrinae
426 1644 496 1686 suae
525 1625 571 1685 vel
594 1623 808 1703 discipulorum
834 1622 1051 1704 oboedientiae,
1078 1629 1158 1684 utra·

149 1731 276 1794 rumque
300 1732 402 1774 rerum
424 1716 455 1774 in
478 1713 633 1774 tremendo
656 1712 767 1772 iudicio
789 1711 844 1772 Dei
862 1710 995 1772 iacienda
1018 1713 1076 1772 erit
1099 1711 1158 1773 dis-

151 1806 258 1863 cussio.
292 1802 430 1880 Sciatque
450 1800 540 1861 abbas
559 1800 662 1879 culpae
681 1801 809 1880 pastoris
828 1798 998 1861 incumbere
1014 1799 1157 1879 quidquid

149 1893 181 1951 in
205 1887 308 1951 ovibus
331 1887 543 1970 paterfamilias
566 1888 703 1950 utilitatis
725 1885 842 1952 'mincis
865 1890 997 1968 potuerit
1015 1890 1198 1951 invenirem

150 1979 276 2040 Tantum
295 1978 404 2040 iterum
427 1979 494 2059 erit,
516 1983 559 2061 ut,
582 1979 608 2038 si
630 1979 762 2057 inquieto
786 1977 832 2038 vel
851 1976 1053 2038 inoboedieuti
1075 1980 1158 2057 gregi

150 2069 278 2148 pastoris
296 2067 388 2127 luerit
406 2067 502 2128 omnis
517 2065 670 2146 diligentia
688 2066 836 2128 adtributa
854 2073 885 2126 et
897 2065 1041 2127 morbidis
1056 2084 1158 2126 earum
1226 2123 1230 2131 .

149 2155 264 2218 actibus
296 2157 433 2216 universa
466 2155 556 2217 luerit
588 2174 659 2217 cura
688 2155 832 2237 exhibita,
868 2161 969 2234 pastor
996 2172 1099 2215 eorum
1127 2157 1159 2215 in

150 2245 260 2307 iudicio
291 2241 410 2304 Domini
445 2241 598 2306 absolutus
630 2244 708 2304 dicat
744 2263 812 2306 cum
845 2243 989 2323 propheta
1020 2241 1158 2304 bomino:

149 2329 311 2395 ‘Iustitiam
339 2339 421 2394 tuam
448 2351 509 2393 non
540 2332 682 2393 abscondi
713 2335 744 2393 in
772 2332 860 2393 corde
894 2350 974 2412 meo,
1002 2333 1157 2393 veritatem
1171 2351 1198 2392 so

149 2429 230 2483 tuam
262 2429 292 2482 et
324 2421 450 2482 salutare
483 2428 567 2483 tuum
600 2421 677 2503 dixi3
709 2421 768 2500 ipsi
800 2427 899 2482 autem
935 2427 1158 2481 contemnentes

150 2518 327 2590 spreverunt
358 2506 430 2590 me',
465 2516 495 2571 et
526 2516 597 2571 tunc
629 2510 749 2570 demum
781 2507 1039 2570 inoboedientibus
1071 2527 1159 2570 curae

151 2617 221 2660 suae
245 2598 348 2659 oribus
371 2616 465 2678 poena
488 2600 528 2659 sit
551 2600 595 2659 eis
617 2597 790 2677 praevalens
808 2599 873 2676 ipsa
896 2614 985 2656 mors.

217 2687 295 2766 Ergo
316 2704 383 2747 cum
402 2685 510 2765 aliquis
529 2688 653 2765 suscipit
672 2703 780 2746 nomen
798 2684 920 2766 abbatis,
941 2682 1053 2764 duplici
1072 2684 1160 2745 debet

150 2776 283 2837 doctrina
311 2775 373 2835 suis
399 2790 538 2853 praeesse
566 2773 718 2854 discipulis
747 2767 792 2859 (id
820 2780 866 2835 est
894 2775 991 2835 omnia
1018 2772 1095 2835 bona
1130 2781 1160 2836 et
1173 2789 1200 2831 25

151 2871 251 2926 sancta
274 2863 360 2924 iactis
383 2862 509 2941 amplius
534 2881 620 2942 quam
643 2861 742 2925 verbis
766 2856 930 2948 ostendat),
949 2869 979 2924 et
1002 2862 1159 2944 capacibus
1210 2871 1213 2875 '

150 2951 304 3032 discipulis
332 2950 468 3012 mandata
494 2950 612 3012 Domini
639 2951 737 3013 verbis
764 2961 944 3033 proponere,
976 2952 1060 3013 duris
1089 2970 1159 3013 vero

149 3066 361 3074 ——.——.—

219 3121 246 3180 ll
263 3128 280 3175 4
299 3120 373 3175 vices
390 3121 421 3175 in
439 3139 475 3176 m.
492 3138 576 3203 ogere
591 3121 618 3176 Τ
678 3121 892 3245 tproenomine
905 3121 940 3176 H
954 3139 1019 3177 rece.
1075 3121 1160 3175 981)-

150 3193 188 3248 sit
206 3196 248 3264 (ot
265 3198 291 3260 4,
304 3195 351 3262 40)
371 3192 462 3248 SHot
498 3196 536 3246 sat
556 3193 611 3248 OT
680 3193 715 3246 de
736 3194 784 3273 eat
806 3194 847 3263 (iot
868 3195 1001 3248 semotio
1023 3194 1159 3263 nepott‘oo,

150 3271 181 3320 ut
195 3265 321 3334 prol.12.
336 3265 417 3333 54,3)
434 3263 458 3318 0
484 3263 569 3318 debet
582 3263 654 3319 SHt
678 3262 798 3317 debatT
851 3269 883 3317 10
902 3262 1038 3317 fermento
1052 3265 1096 3333 (-—-
1106 3262 1160 3318 fer-

150 3333 548 3478 aattttatetu
569 3335 685 3459 Sta
710 3333 964 3474 {tuenti
987 3334 1161 3459 intutas

58 3479 62 3486 '
148 3479 288 3548 scripturo
306 3476 521 3546 aoploocaonico
537 3477 640 3531 coecati
657 3476 725 3530 noni
780 3481 812 3530 18
831 3476 963 3530 earomS
1014 3481 1049 3529 24
1068 3490 1159 3529 susce-

149 3549 193 3620 pit
211 3549 233 3604 S
305 3551 337 3600 2⁷
357 3544 434 3599 duris
453 3547 535 3601 corde
553 3561 617 3601 vero
636 3546 688 3601 ST
