2684 3924
191 193 235 259 30
599 196 675 251 CAP.
689 195 786 251 XVHI,

190 363 245 425 per
264 345 383 406 easdem
400 345 489 406 horas
504 345 608 406 itidem
622 353 795 425 repetantur
808 345 985 425 hymnorum
999 345 1203 428 nihilominus,

191 434 353 496 lectionum
384 434 431 494 vel
460 452 599 496 versuum
627 435 852 514 dispositionem
879 436 1057 496 uniformem
1084 438 1202 497 cunctis

152 542 177 584 25
192 522 297 584 diebus
327 531 472 585 servatam
500 531 530 584 et
556 526 598 584 ita
625 522 740 584 scilicet
767 540 885 602 semper
912 523 1060 585 dominica
1087 543 1103 585 a
1131 542 1201 586 cen·

190 615 296 673 tesimo
320 619 421 673 octavo
445 612 559 673 decimo
583 614 751 693 incipietur.

255 701 385 780 Vespera
416 709 515 763 autem
548 701 655 762 cotidie
689 708 827 780 quattuor
857 700 1039 780 psalmorum
1067 701 1199 763 modula-

184 792 268 851 tione
293 797 422 851 canatur.
469 791 526 861 Qui
547 789 655 870 psalmi
678 792 858 869 incipiantur
881 809 898 851 a
921 792 1083 851 centesimo
1106 808 1200 874 nono;

187 897 282 958 usque
311 881 507 940 centesimum
533 879 790 959 quadragesimum
813 881 972 959 septimum
995 882 1126 960 exceptis
1149 880 1198 941 his

148 989 174 1027 oo
188 970 239 1047 qui
266 969 298 1027 in
322 966 448 1028 diversis
471 968 553 1029 horis
577 987 612 1029 er
636 970 680 1029 eis
704 975 929 1047 sequestrantur
952 961 997 1050 (id
1021 974 1067 1029 est
1090 987 1106 1029 a
1130 987 1198 1029 cen·

188 1058 294 1116 tesimo
318 1059 443 1136 septimo
467 1057 581 1118 decimo
605 1076 700 1136 usque
724 1058 919 1118 centesimum
936 1059 1113 1134 vigesimum
1132 1076 1198 1137 sep-

186 1147 292 1206 timum
315 1151 345 1206 et
368 1148 531 1206 centesimo
554 1148 707 1225 trigesimo
730 1148 818 1206 tertio
843 1153 872 1206 et
891 1147 1052 1206 centesimo
1072 1145 1197 1224 quadra·
1224 1163 1229 1173 ·

186 1237 299 1313 gesimo
328 1229 483 1318 secundo),
510 1234 619 1314 reliqui
646 1252 749 1295 omnes
777 1237 809 1295 in
831 1252 955 1313 vespera
978 1233 1095 1294 dicendi
1119 1242 1196 1296 sunt.

185 1323 223 1383 Et
250 1326 319 1403 quia
346 1325 445 1384 minus
472 1326 595 1385 veniunt
621 1332 683 1384 tres
710 1323 830 1404 psalmi,
857 1323 923 1383 ideo
952 1322 1103 1383 dividendi
1127 1331 1199 1384 sunt

145 1431 171 1470 ao
186 1414 237 1491 qui
264 1415 296 1472 in
323 1430 447 1473 numero
476 1413 678 1493 suprascripto
701 1413 840 1473 fortiores
862 1413 1066 1492 inveniuntur,
1095 1410 1197 1472 idest

186 1505 365 1563 centesimus
389 1504 562 1580 trigesimus
585 1509 719 1583 octavus,
747 1503 926 1562 centesimus
951 1499 1195 1579 quadragesimus

183 1593 290 1652 tertius
320 1599 350 1652 et
377 1593 556 1652 centesimus
584 1591 826 1670 quadragesimus
850 1595 985 1669 quartus,
1013 1591 1195 1650 centesimus

183 1697 253 1740 vero
287 1688 388 1740 sextus
421 1679 567 1760 decimus,
600 1681 670 1757 quia
700 1697 809 1758 parvus
841 1685 899 1758 est,
931 1695 998 1737 cum
1031 1679 1195 1738 centesimo

184 1770 287 1846 quinto
316 1769 430 1828 decimo
454 1770 657 1847 coniungatur.
703 1767 822 1846 Digesto
846 1784 916 1846 ergo
941 1766 1044 1826 ordine
1067 1763 1195 1846 psalmo·

142 1874 170 1912 io
183 1874 250 1916 rum
264 1859 502 1935 vespertinorum
516 1856 639 1937 reliqua,
658 1857 688 1917 id
703 1865 748 1918 est
762 1855 928 1936 lectionem,
942 1850 1196 1937 *responsorium

182 1945 334 2027 hymnum,
356 1963 477 2006 versum
499 1944 546 2006 vel
569 1948 726 2027 canticum,
750 1948 827 2006 sicut
850 1963 939 2024 supra
957 1946 1121 2006 taxavimus
1141 1946 1196 2005 im-

182 2033 307 2112 pleatur.

248 2122 292 2183 Ad
316 2121 531 2203 conpletorium
554 2141 624 2183 vero
647 2122 727 2184 idem
749 2121 856 2202 psalmi
879 2128 1052 2200 repetantur
1075 2121 1193 2203 cotidie,

182 2211 212 2272 id
228 2219 274 2272 est
288 2219 420 2293 quartus,
434 2214 643 2290 nonagesimus
659 2219 688 2272 et
702 2212 883 2272 centesimus
893 2211 1066 2288 trigesimus
1075 2211 1191 2270 tertius.

141 2318 167 2356 45
248 2300 396 2380 Disposito
432 2301 536 2361 ordine
567 2299 747 2379 psalmodiae
784 2299 907 2359 diurnae
944 2297 1053 2376 reliqui
1087 2315 1191 2358 omnes

180 2388 287 2469 psalmi
319 2391 370 2468 qui
402 2396 563 2469 supersunt
590 2388 752 2468 aequaliter
779 2387 947 2448 dividantur
975 2388 1007 2447 in
1036 2392 1191 2465 septenoc-

180 2480 255 2539 tium
283 2477 412 2560 vigilias,
439 2478 594 2557 partiendo
623 2477 736 2538 scilicet
764 2479 816 2556 qui
837 2478 917 2536 inter
940 2493 991 2535 eos
1014 2474 1192 2554 prolixiores

181 2575 250 2628 sunt
275 2566 395 2648 psalmi,
423 2574 453 2627 et
480 2566 636 2628 duodecim
663 2584 718 2646 per
745 2583 982 2645 unamquamque
1006 2566 1192 2627 constituens

179 2663 306 2717 noctem.
356 2656 419 2718 Hoc
451 2657 610 2737 praecipue
644 2662 878 2737 commonentes,
910 2662 944 2716 ut
976 2655 1004 2714 si
1035 2656 1085 2715 cui
1116 2654 1191 2716 lorte

139 2760 166 2799 so
179 2743 252 2805 haec
275 2744 444 2806 distributio
468 2744 649 2824 psalmorum
673 2743 868 2824 displicuerit,
892 2744 1017 2825 ordinet,
1040 2745 1066 2803 si
1083 2742 1191 2803 melius

179 2831 265 2892 aliter
296 2832 484 2914 iudicaverit3
516 2833 587 2893 dum
619 2833 797 2893 omnimodis
825 2832 1014 2912 adtendatur,
1045 2838 1078 2892 ut
1110 2833 1191 2890 omni

250 2990 283 3038 23
302 2985 378 3038 idem
396 2984 418 3041 S
506 2991 540 3039 24
559 2984 771 3055 dispositionem
792 2983 958 3037 uniformem
980 2983 1119 3036 servatam
1142 2980 1193 3036 OS

178 3055 361 3126 dispositione
380 3054 511 3110 uniformi
530 3059 640 3110 servata
661 3056 769 3110 Ocorr.
791 3055 817 3108 T
887 3060 920 3108 26
939 3052 1092 3122 incipiatur
1110 3053 1146 3118 St

179 3133 211 3181 27
231 3144 344 3197 vespere
363 3127 431 3181 ΒΤ1
512 3126 678 3182 actuose
714 3127 793 3180 exT
866 3123 1032 3195 potioresO
1107 3129 1141 3178 36
1161 3125 1191 3178 et

178 3201 250 3252 cent.
269 3200 322 3254 ST
382 3203 416 3252 38
436 3214 500 3251 cum
517 3198 613 3253 occo
669 3203 704 3251 40
723 3196 872 3252 lectionem
892 3196 916 3250 0
933 3194 1043 3252 erocS
1067 3193 1189 3250 lectione

181 3269 206 3322 T
230 3268 366 3324 lectiones
380 3277 391 3325 t
417 3267 501 3323 lectio
514 3269 550 3324 01
593 3275 627 3323 41
642 3269 777 3338 hymnum
788 3267 843 3322 OT
853 3285 969 3336 ymnum
983 3267 1005 3323 S
1020 3266 1140 3335 hymnus
1152 3266 1189 3322 0¹

176 3339 303 3409 hymnit
355 3357 465 3396 versum
485 3340 508 3394 0
525 3341 636 3395 erasit
668 3356 750 3393 versu
770 3339 796 3392 T
828 3355 924 3392 versus
945 3338 996 3394 0¹t
1053 3336 1190 3407 implean-

176 3414 223 3465 tur
243 3410 312 3465 0¹T
327 3429 395 3467 corr.
477 3416 512 3465 46
531 3414 682 3482 suprasunt
702 3411 738 3465 0¹
819 3408 1068 3480 septenootiumO
1103 3408 1189 3479 septi-

176 3481 342 3537 noctiumS
376 3486 483 3552 septem
500 3501 526 3536 n.
549 3483 575 3537 T
651 3488 685 3536 48
704 3485 734 3536 et
752 3481 789 3535 cd
808 3480 956 3536 duodecim
977 3480 1013 3535 0¹
1031 3497 1116 3552 morp.

176 3560 209 3607 51
230 3553 400 3608 adtendatur
421 3554 470 3609 OS
502 3553 533 3606 id
552 3553 690 3608 adtendat
710 3553 735 3608 T
804 3555 837 3606 ut
855 3569 904 3607 om.
925 3552 946 3606 S
