2684 3924
199 217 264 270 Vm
595 215 807 270 PRAEFATIO.

200 363 279 426 ‘cum
303 383 373 444 ergo
464 360 619 425 officium’.
642 364 774 442 Denique
798 362 891 444 codex
915 362 1112 442 sangallensis
1136 382 1209 442 quo-

200 473 258 532 que
276 461 408 515 nostram
432 454 468 513 de
491 454 682 531 praefationis
704 451 867 530 appendice
891 453 1061 530 opinionem
1080 470 1115 512 eo
1138 470 1208 512 con·
1325 449 1326 504 ἓ

199 544 306 624 firmat,
330 541 409 621 quod
426 541 515 602 rerba
539 538 627 620 ‘ergo
650 541 850 621 praeparanda
948 537 1117 602 consortes’
1139 560 1226 619 pro·¹
1325 565 1326 580 2

198 631 265 710 logo
294 625 446 714 (Ausculta
475 624 545 713 etc.)
576 648 635 692 uon
665 629 834 711 subiuncta,
866 629 917 689 sed
947 633 1109 708 praemissa
1139 637 1208 691 sunt

199 722 341 780 orationis
365 737 455 780 cursu
478 720 518 779 ita
537 721 713 798 interrupto,
735 726 769 780 ut
787 720 939 779 enuntiata
956 719 1029 779 baec
1050 717 1123 780 salso
1142 718 1206 780 loco

200 816 299 870 assuta
322 826 388 868 esse
412 815 559 887 appareat.
1161 829 1166 840 ·

264 895 360 958 Media
391 915 508 975 quoque
540 898 683 976 praefatio
714 896 837 975 praebet
869 895 1036 974 exemplum
1068 903 1206 958 retracta·

198 987 297 1046 tionis.
333 984 407 1046 Nam
427 1003 494 1046 cum
510 985 688 1046 Benedictus
707 986 856 1064 inpriore
875 984 1005 1046 editione
1025 987 1206 1064 scripsisset:

199 1069 375 1134 ‘succinctis
394 1093 463 1152 ergo
483 1074 540 1135 fide
559 1073 605 1134 vel
624 1073 809 1137 observantia
831 1073 977 1135 bonorum
996 1082 1115 1135 actuum
1133 1073 1206 1134 lum-

198 1162 245 1223 bis
268 1165 380 1223 nostris
403 1171 433 1223 et
456 1163 586 1224 calciatis
609 1166 640 1224 in
663 1165 939 1243 praeparatione
963 1162 1107 1240 evangelii
1122 1165 1206 1242 pacis

199 1251 325 1330 pedibus
343 1270 501 1331 pergamus
520 1254 627 1313 itinera
646 1248 723 1312 eius'
743 1245 802 1335 (sic
820 1253 882 1312 fere
901 1251 965 1313 cod.
983 1245 1058 1334 OS),
1076 1253 1206 1312 imitatus

196 1339 319 1402 Paulum
343 1341 507 1421 apostolum
531 1343 616 1421 epist.
637 1339 747 1420 prcs.
767 1339 797 1422 6,
817 1337 872 1420 14,
895 1343 927 1400 in
950 1339 1041 1401 altera
1064 1342 1205 1402 correxit:

197 1425 373 1490 ‘succinctis
406 1448 477 1509 ergo
513 1429 571 1491 fide
603 1429 649 1490 vel
681 1428 867 1490 observantia
902 1428 1051 1490 bonorum
1087 1437 1206 1493 actuum

196 1518 304 1580 lumbis
337 1522 447 1580 nostris
479 1538 534 1599 per
565 1519 704 1579 ducatum
736 1518 880 1596 evangelii
911 1536 1069 1597 pergamus
1096 1520 1204 1578 itinera

196 1603 286 1670 eius'.
319 1608 457 1689 Offendit,
475 1610 534 1668 uisi
552 1607 645 1688 fallor,
664 1610 696 1668 in
714 1608 898 1685 metaphora:
922 1607 1052 1667 calciatis
1070 1609 1101 1666 in
1118 1625 1204 1686 prae-

196 1699 348 1776 paratione
368 1696 511 1776 evangelii
529 1699 610 1776 pacis
628 1696 764 1777 pedibus,
785 1713 962 1774 quamquam
981 1714 1041 1756 non
1060 1694 1204 1756 dubitavit

197 1784 329 1846 scribere
357 1788 388 1846 in
415 1786 609 1864 praefatione:
637 1782 765 1846 ‘inclina
793 1803 915 1846 aurem
942 1785 1062 1846 cordis
1091 1779 1151 1845 tui'
1176 1793 1206 1845 et

196 1873 307 1933 ibidem
331 1870 365 1933 ‘a
388 1873 595 1952 conspectibus
619 1870 745 1954 cordis’,
769 1893 830 1953 cap.
850 1871 871 1936 5
895 1873 1098 1934 oboedientiae
1118 1873 1201 1952 pede.

197 1961 268 2042 Sed,
300 1969 367 2023 utut
394 1971 452 2044 est,
482 1963 578 2023 deleta
606 1981 673 2023 cum
701 1962 766 2024 aliis
796 1960 1089 2042 ‘praeparatione
1118 1981 1204 2022 evan·

196 2045 281 2128 gelii'
304 2051 383 2111 idem
410 2051 534 2112 verbum
560 2051 678 2112 induxit
704 2053 736 2111 in
763 2051 885 2112 alterius
911 2052 1048 2112 editionis
1072 2051 1204 2131 epilogo:

197 2136 285 2218 ‘ergo
309 2141 550 2219 praeparanda
571 2147 640 2201 sunt
659 2135 772 2200 corda’.
805 2139 936 2219 Denique
956 2143 1050 2201 eiecto
1069 2148 1131 2201 toto
1149 2139 1200 2199 illo

197 2231 363 2288 enuntiato:
386 2225 469 2290 ‘cum
488 2247 558 2308 ergo
578 2277 629 2290 ...
648 2229 774 2290 heredes
792 2231 877 2307 regni
895 2225 1069 2310 caebrum',
1092 2231 1203 2290 rectius

197 2324 393 2378 conectuntur
412 2321 584 2392 sententiae,
606 2321 632 2378 si
650 2318 770 2397 quidem
788 2317 877 2378 verba
897 2314 982 2396 ‘ergo
1001 2318 1202 2397 praeparanda

197 2414 267 2466 sunt
289 2406 379 2466 corda
402 2416 431 2466 et
453 2425 577 2484 corpora
600 2414 701 2468 nostra
724 2414 841 2468 sanctae
864 2416 1090 2485 praeceptorum
1114 2405 1202 2466 oboe-

196 2495 324 2556 dientiae
347 2490 513 2556 militanda'
537 2490 595 2578 (=
614 2487 787 2577 militatura)
812 2495 982 2555 referuntur
1010 2514 1068 2556 non
1092 2494 1128 2555 ad
1151 2514 1203 2574 pe-

196 2584 314 2644 riodum
337 2603 353 2644 a
376 2583 461 2645 nobis
481 2586 629 2665 omissam,
653 2600 727 2662 quae
746 2585 778 2642 in
797 2583 948 2658 codicibus
967 2583 1126 2663 praecedit,
1151 2583 1204 2644 sed

197 2672 232 2732 ad
257 2672 345 2733 verba
369 2692 458 2752 supra
485 2675 607 2751 scripta:
637 2669 790 2733 ‘dominus
818 2679 970 2751 exspectat
998 2675 1060 2732 suis
1084 2674 1205 2733 monitis

198 2761 282 2820 iactis
310 2779 364 2821 nos
388 2761 568 2841 respondere
592 2757 726 2842 debere'‚
754 2769 784 2821 et
807 2781 834 2840 q.
850 2781 872 2821 s.
919 2761 1052 2822 Tertium
1075 2760 1204 2840 Regulae

197 2855 371 2908 retractatae
399 2849 566 2929 exemplum
594 2858 673 2910 extat
699 2869 761 2930 cap.
781 2849 815 2929 6,
842 2849 895 2911 ubi
926 2852 957 2910 iu
981 2850 1031 2911 OS
1054 2849 1223 2929 leguntur:‘

194 2954 265 3004 cum
290 2954 404 2996 summa
427 2940 607 3018 reverentia,
630 2957 667 2998 ue
691 2939 824 3000 videatur
846 2939 914 3019 plus
936 2939 1019 3018 loqui
1042 2957 1130 3018 quam
1154 2957 1203 3000 ex-

196 3025 287 3105 pedit,
307 3028 338 3086 in
352 3025 388 3084 T:
408 3029 570 3087 cumomni
588 3027 752 3088 humilitate
772 3035 801 3088 et
820 3027 1004 3088 subiectione
1022 3029 1205 3090 reverentiae

101 3113 104 3120 '
197 3116 396 3192 requirantur.
442 3113 528 3175 Plura
556 3119 705 3194 congessit
727 3115 810 3178 Edm.
842 3116 975 3178 Schmidt
997 3136 1025 3196 p.
1050 3113 1126 3177 XVII
1153 3135 1205 3196 sq.‚

197 3221 272 3280 quae
291 3211 390 3263 tamen
409 3222 584 3265 enumerare
598 3203 719 3283 longum
734 3214 787 3286 est,
806 3223 862 3265 nec
875 3205 961 3284 plane
976 3212 1092 3266 constat
1107 3207 1203 3266 sintne

196 3310 251 3370 per
275 3309 407 3352 errorem
434 3295 532 3372 potius
560 3301 627 3353 nata
654 3312 692 3354 an
720 3313 756 3356 cx
784 3294 983 3372 interpolandi
1010 3294 1109 3355 studio
1137 3311 1205 3372 pro·

199 3381 283 3460 secta,
308 3399 382 3458 quae
405 3381 454 3441 ilie
478 3383 616 3442 secundis
640 3381 792 3444 Benedicti
816 3385 896 3444 curis
919 3383 1032 3444 tribuit.

267 3468 375 3530 Verum
389 3488 449 3530 non
463 3473 495 3530 in
509 3471 556 3531 his
566 3470 713 3552 substitit,
731 3491 800 3534 cum
818 3471 950 3550 reguiam
969 3474 1078 3532 iterum
1097 3470 1206 3550 ederet,

198 3576 303 3618 manus
331 3557 484 3619 Benedicti
514 3558 710 3639 emendatrix3
739 3560 850 3621 addidit
877 3563 957 3620 enim
986 3561 1100 3620 iatine
1124 3577 1205 3638 capp.
