2684 3924
525 190 739 245 PRAEFATIO.
1085 193 1136 246 XV

126 336 249 397 arbitrio
272 339 382 416 prioris
405 339 597 399 considerans
621 333 678 422 (=
698 333 938 422 considerantis),
961 339 991 421 2,
1008 339 1045 403 11
1067 343 1135 402 doc-

126 427 204 485 trina
219 428 251 485 in
266 426 480 504 discipulorum
494 427 643 489 mentibus
658 439 878 509 conspergatur,
892 448 1006 489 memor
1017 448 1135 509 semper

126 514 217 574 abbas
246 517 314 594 quia
337 523 392 576 etc.
437 515 512 577 lllud
541 536 657 596 quoque
682 517 846 578 addiderim
868 517 1061 579 ablativornm
1085 517 1135 578 ab·

128 602 292 664 solutorum
323 603 447 665 formam
475 609 585 684 passim
614 614 758 666 servatam
786 625 866 686 esse,
898 607 990 668 veluti
1019 605 1073 686 18,
1092 605 1134 669 29

127 687 271 771 ‘exceptis
295 693 341 753 his
366 690 437 774 qni,
460 695 576 755 admitti
600 702 697 755 autem
720 698 817 756 rarius
841 695 962 757 alteram
985 695 1134 774 vulgarem

127 779 180 861 63,
198 778 239 842 13
267 789 390 861 excepto
417 783 472 844 hos
501 802 574 862 quos
602 778 798 867 (franco-gall.
822 785 944 864 excepte
973 804 1048 846 ceux
1076 787 1135 865 qui,

126 887 187 930 non
210 864 373 954 exceptos),
396 867 511 952 59,14
533 880 682 934 reservato
707 872 764 933 sibi
787 891 874 934 usum
897 873 1055 934 fructuum.

193 959 232 1020 Ut
259 966 357 1020 autem
385 959 546 1039 legentium
575 962 737 1022 commodis
764 980 819 1041 pro
846 969 929 1041 parte
960 963 1039 1023 virili
1066 961 1135 1022 snb-

127 1050 272 1127 venirem,
301 1050 338 1108 iis
362 1049 512 1111 vocabulis
536 1047 722 1111 stellulas*
745 1051 882 1132 praefixi,
910 1069 1076 1130 quaecum
1099 1050 1134 1111 ab

127 1135 271 1215 elegantia
300 1138 432 1198 Tulliana
460 1137 649 1219 abhorreant,
681 1142 712 1200 in
740 1135 855 1199 ‘Indice
882 1136 1057 1201 verborum'
1086 1147 1135 1200 aut

126 1224 258 1286 breviter
286 1229 497 1306 interpretatus
523 1235 573 1288 aut
596 1230 636 1288 ita
659 1227 836 1288 dubitationi
859 1231 989 1289 eximere
1013 1236 1134 1289 conatus

127 1331 203 1395 sum,
226 1322 259 1376 ut
281 1315 382 1396 plures
406 1316 539 1376 eiusdem
562 1319 680 1396 generis
703 1317 784 1377 locos
806 1335 1007 1395 congererem.

195 1404 283 1483 Siglis
307 1423 379 1465 usus
404 1423 469 1465 sum
492 1405 552 1466 his:

243 1493 268 1554 Ο
291 1521 333 1543 =
358 1493 421 1554 cod.
441 1493 618 1554 Oxoniensis
643 1513 718 1556 saec.
736 1491 875 1574 vllsvlll.

243 1577 334 1642 0¹=
358 1590 510 1643 corrector
533 1583 643 1644 saeculi
660 1583 731 1643 nn.

251 1689 268 1729 o
292 1697 334 1719 =
358 1678 508 1732 corrector
532 1672 641 1732 saeculi
659 1672 729 1732 XIV.

247 1759 268 1817 S
292 1786 333 1807 =
358 1759 450 1819 codex
473 1759 671 1838 Sangallensis
695 1780 770 1822 saec.
789 1761 858 1821 Vlll.

256 1866 269 1904 s
294 1873 335 1894 =
360 1847 439 1908 idem
462 1867 538 1909 man.
562 1867 620 1909 rec.
644 1859 804 1911 correctus.

246 1933 270 1992 T
296 1962 334 1982 =
360 1935 452 1996 codex
474 1936 705 2016 Tegernseensis
729 1938 839 2000 saeculi
861 1939 908 2001 IX.

258 2029 271 2081 t
295 2050 336 2071 =
361 2023 440 2083 idem
462 2043 520 2086 rec.
545 2045 582 2086 m.
607 2034 767 2088 correctns,

247 2111 271 2170 E
295 2139 337 2160 =
361 2113 523 2190 fragmenta
546 2115 657 2176 codicis
679 2116 928 2177 Emmeramensis
952 2134 1027 2178 saec.
1045 2115 1116 2175 Vlll.

247 2199 273 2260 Η
298 2228 338 2249 =
362 2200 524 2263 Hildemari
548 2207 775 2266 commentarius
800 2223 874 2266 saec.
898 2205 945 2265 nt.

127 2323 170 2330 -
194 2287 316 2349 Uncinis
341 2288 379 2367 []
404 2289 519 2372 inclusi,
543 2311 617 2371 quae
640 2293 764 2353 delenda
787 2312 853 2354 esse
876 2301 956 2374 puto.
