2684 3924
184 192 225 257 12
445 278 448 284 Ι
618 193 754 249 CARIII.

180 441 240 496 111.
269 441 331 497 nn
347 441 688 497 numennumen
707 406 934 498 conamen
949 441 1192 500 annuamus

249 573 392 645 Quotiens
415 571 513 652 aliqua
535 575 694 653 praecipua
716 573 828 652 agenda
851 580 921 633 sunt
948 574 980 633 iu
1002 578 1191 658 monasterio,

182 669 323 724 convocet
346 660 436 722 abbas
459 679 576 722 omnem
600 664 857 741 congregationem
880 669 909 722 et
927 661 1006 722 dicat
1023 665 1088 742 ipse
1111 665 1190 726 unde

181 753 286 830 agitur.
324 750 362 811 Et
385 751 507 811 audiens
531 750 688 812 consilium
711 751 836 812 fratrum
858 757 965 811 tractet
986 752 1063 830 apud
1087 769 1133 833 sc,
1161 761 1192 814 et

156 839 261 919 equod
280 838 382 900 utilius
406 839 588 920 iudicaverit,
611 839 707 901 iaciat.
739 839 807 900 ldeo
827 846 924 901 autem
944 857 1046 900 omnes
1066 841 1102 900 ad
1121 859 1191 902 ccu-

182 927 282 990 silium
304 929 404 988 vocari
427 927 565 1009 diximus,
588 931 657 1007 quia
681 947 768 1008 saepe
787 931 898 990 iuniori
915 927 1057 989 Dominus
1081 928 1192 991 revelat

183 1017 262 1096 quod
286 1017 392 1077 melius
417 1023 469 1077 est.

248 1105 298 1174 Sic
316 1112 415 1166 autem
439 1104 510 1166 deut
528 1106 634 1165 iratres
654 1105 812 1166 consilium
830 1124 898 1167 cum
917 1108 998 1166 omni
1015 1105 1190 1167 humilitatis

181 1191 364 1255 subiectione
389 1200 418 1254 et
440 1212 501 1254 non
523 1200 714 1273 praesumant
735 1197 901 1273 procaciter
929 1195 1087 1256 defendere
1112 1197 1191 1275 quod

142 1297 168 1337 10
182 1285 226 1342 eis
254 1284 349 1344 visum
376 1283 481 1363 suerit,
508 1281 560 1343 sed
588 1285 682 1361 magis
709 1284 741 1342 iu
768 1282 882 1344 abbatis
909 1279 1036 1363 *pendat
1058 1282 1191 1366 arbitrio,

182 1378 215 1431 ut
248 1372 326 1451 quod
357 1371 506 1432 salubrius
537 1389 602 1432 esse
631 1371 818 1453 iudicaverit,
850 1373 879 1432 ei
902 1374 1001 1433 cuncti
1025 1371 1190 1434 oboediant.

182 1460 240 1521 Sed
273 1463 351 1521 sicut
383 1459 537 1540 discipulis
565 1462 702 1520 convenit
732 1459 872 1521 oboedire
900 1463 1055 1541 magistro,
1089 1463 1129 1522 ita
1161 1470 1192 1523 et

181 1551 281 1628 ipsum
303 1549 425 1628 provide
449 1556 479 1610 et
501 1551 579 1610 iuste
603 1547 745 1609 condecet
768 1556 873 1610 cuncta
896 1551 1062 1629 disponere.

248 1636 281 1699 ln
305 1636 443 1698 omnibus
471 1640 562 1716 igitur
590 1655 692 1698 omnes
720 1640 891 1716 magistram
919 1646 1081 1718 sequantur
1104 1657 1190 1717 regu-

143 1739 169 1780 15
183 1725 254 1807 lam,
281 1743 377 1805 neque
406 1726 441 1787 ab
471 1744 505 1786 ea
532 1734 644 1787 temere
668 1725 833 1787 declinetur
858 1745 874 1787 a
903 1745 1063 1809 qucquam3
1091 1727 1189 1788 nullus

181 1817 213 1874 in
236 1816 416 1876 monasterio
439 1817 553 1894 proprii
577 1822 718 1894 sequatur
741 1816 840 1876 cordis
862 1815 1051 1878 voluntatem.
1087 1815 1189 1896 Neque

180 1901 350 1982 praesumat
378 1904 535 1982 quisquam
563 1922 630 1964 cum
658 1903 762 1964 abbate
791 1923 844 1965 suo
871 1912 1008 1984 proterve
1039 1907 1117 1966 intra
1140 1913 1191 1966 aut

181 1991 254 2052 soris
278 1985 490 2074 monasteiium
514 1990 706 2072 contendere3
731 1993 808 2072 quod
832 1995 859 2053 si
878 1995 1120 2074 praesumpserit,
1143 2012 1190 2054 re·

181 2079 276 2158 gulari
299 2079 472 2159 disciplinae
496 2078 656 2142 subiaceat.
692 2080 758 2160 lpse
782 2088 881 2142 tamen
903 2081 978 2142 abba
997 2101 1065 2142 cum
1082 2084 1190 2142 timore

141 2182 167 2222 20
181 2168 235 2229 bei
258 2176 287 2229 et
311 2168 514 2229 observatione
537 2169 656 2247 regulae
676 2172 773 2231 omnia
794 2170 890 2251 saciat,
914 2172 1012 2230 sciens
1036 2189 1067 2230 se
1085 2169 1190 2248 procul

182 2255 272 2317 dubio
296 2257 332 2318 de
356 2255 493 2317 omnibus
516 2256 636 2319 iudiciis
660 2260 722 2319 suis
742 2259 919 2337 aequissimo
944 2258 1037 2318 iudici
1059 2258 1119 2318 lieo
1142 2276 1188 2318 ra-

182 2348 293 2406 tionem
314 2344 507 2406 redditurum.

248 2435 361 2513 Siqua
388 2453 458 2495 vero
486 2436 600 2495 minora
624 2435 735 2514 agenda
763 2441 832 2496 sunt
858 2436 890 2494 in
913 2436 1086 2495 monasterii
1109 2433 1188 2496 utili-

181 2522 305 2604 tatibus,
332 2525 483 2584 seuicrum
509 2530 624 2584 tantum
652 2529 752 2584 utatur
779 2523 917 2603 consilio,
945 2525 1023 2584 sient
1045 2525 1189 2604 scriptum

140 2623 166 2664 25
181 2619 240 2673 est:
267 2605 388 2673 ‘Omnia
411 2613 457 2673 sac
480 2630 547 2673 cum
571 2612 708 2694 consilio,
732 2620 761 2673 et
783 2619 852 2692 post
873 2613 982 2673 factum
1005 2631 1065 2673 non
1088 2615 1189 2693 paeni-

180 2696 318 2762 teberis.'

179 2824 392 2832 ——.—

250 2877 461 2944 diffinito
513 2889 676 2960 aemes
728 2888 1075 2944 10see0seaaetr
1121 2903 1189 2968 pen-

181 2959 232 3013 dat
251 2958 330 3014 OST
363 2960 487 3028 pendeat
505 2966 536 3014 ot
613 2965 645 3013 11
665 2962 698 3014 ub
718 2959 767 3014 OS
801 2963 830 3013 eb
850 2959 876 3013 Τ
948 2965 981 3012 12
1000 2957 1189 3027 discipuhsO

181 3029 332 3100 discipulos
355 3029 392 3086 St
427 3029 581 3100 discipulus
606 3031 632 3084 T
713 3036 746 3083 17
765 3029 841 3084 intra
862 3031 960 3099 scripsi
982 3029 1040 3084 coll.
1062 3033 1098 3083 66
1120 3035 1186 3084 ectr.

181 3102 296 3172 (innana
310 3103 395 3156 oetaeo
409 3102 539 3172 Kerono'e)
570 3101 682 3156 infraS
714 3101 791 3155 intus
809 3117 873 3156 recc.
889 3118 938 3156 om.
956 3099 1011 3154 ΟΤ
1068 3106 1101 3154 18
1119 3099 1187 3154 forle

179 3173 391 3244 monasterium]
409 3179 441 3228 ot
458 3189 498 3242 cp.
513 3177 549 3228 43
567 3172 635 3227 foris
653 3172 818 3227 oratorium:
836 3171 912 3226 foras
925 3170 1096 3225 monasterio
1110 3171 1139 3238 S,
1156 3179 1189 3228 ot

181 3248 226 3312 67,
244 3243 320 3298 foras
337 3243 531 3299 monasteriis
603 3250 636 3298 19
656 3243 731 3298 abba
751 3244 806 3299 OT
840 3242 928 3298 abbas
948 3243 983 3298 St
