2684 3924
185 241 225 294 VI
585 239 797 293 PRAEFATIO.

186 393 291 470 quiore
314 391 508 468 transscripta
531 407 597 449 esse
620 396 714 470 patet3
739 406 899 467 quaecum
923 390 964 447 ita
988 389 1056 468 sint,
1080 405 1195 449 summa

186 481 344 540 auctoritas
368 478 443 537 libro
466 477 682 556 Tegernseensi
703 476 861 538 tribuenda
884 484 936 537 est.

252 568 337 627 E=
357 567 520 644 fragmenta
547 567 658 627 codicis
686 565 998 646 Emmeramensis,
1026 583 1105 627 nunc
1132 565 1193 626 Mo-

186 659 331 737 nacensis,
351 658 425 734 sign.
445 655 507 715 cod.
527 654 574 716 lat.
595 651 713 736 29169,
737 654 854 716 saeculo
878 662 988 735 octavo,
1012 662 1045 715 ut
1067 655 1194 736 videtur,

187 748 306 826 scrIpta,
329 764 345 804 a
367 744 448 804 nullo
468 742 562 806 adhuc
581 743 709 822 Regulae
729 743 842 804 editore
861 742 998 804 adhibita.
1034 743 1195 805 Continent

186 854 249 913 cap.
270 832 287 894 7
309 841 338 892 et
357 831 376 894 8
400 850 536 911 magnam
558 840 682 912 partem,
705 839 858 910 praeterea
881 831 1040 911 particulas
1064 835 1194 912 capitum

188 921 238 984 18.
259 919 309 983 19.
329 917 380 982 20.
400 918 451 981 22.
470 920 521 984 23.
542 917 858 983 2411531156.
895 921 1078 1000 Quamquam
1095 928 1193 982 autem

185 1013 297 1091 passim
325 1029 392 1071 cum
421 1013 540 1089 optimis
568 1010 720 1070 codicibus
748 1012 931 1090 conspirant,
959 1009 1069 1070 nullam
1095 1018 1194 1071 tamen

186 1101 288 1160 inveni
311 1099 481 1179 lectionem,
510 1117 584 1178 quae
607 1098 696 1159 huius
719 1101 808 1160 unius
832 1098 901 1159 libri
923 1098 981 1159 fide
1004 1101 1035 1158 in
1059 1098 1194 1159 ordinem

186 1188 345 1249 verborum
369 1187 537 1266 recipienda
561 1195 647 1248 esset.

254 1277 273 1337 S
293 1304 335 1326 =
354 1276 447 1337 codex
467 1276 724 1357 Sangallensis,
747 1275 832 1336 Num.
848 1272 922 1357 916,
941 1294 1016 1337 saec.
1035 1275 1106 1356 VIII,
1125 1294 1193 1336 cum

185 1368 321 1427 versione
341 1366 525 1426 interlineari
543 1365 678 1446 lleronis,
702 1384 788 1444 quam
807 1383 866 1426 una
889 1384 956 1426 cum
975 1363 1086 1444 Regula
1104 1365 1193 1425 latina

187 1457 258 1515 satis
282 1462 418 1516 accurate
445 1455 537 1514 edidit
559 1453 720 1535 Hattemer,
743 1453 901 1514 Dcnlrmale
925 1453 977 1514 des
1000 1453 1193 1514 Mittelalters

185 1543 206 1604 I.
227 1539 402 1606 1844-49
425 1563 453 1622 p.
475 1541 514 1604 17
535 1561 596 1622 seq.
641 1543 722 1614 Quae
750 1545 781 1604 in
808 1545 873 1621 ipso
901 1551 984 1604 textu
1013 1542 1103 1603 latino
1126 1561 1193 1622 pas·

187 1635 244 1693 sim
259 1640 391 1694 correcta
406 1640 483 1712 sunt,
502 1651 637 1711 magnam
655 1639 770 1712 partem
784 1632 819 1692 ad
839 1634 936 1710 ipsum
950 1631 1098 1692 lleronem
1118 1632 1166 1691 rel
1181 1665 1193 1675 ·

186 1720 278 1781 renda
297 1739 363 1781 esse
382 1721 528 1802 videntur,
551 1724 602 1800 qui
621 1721 711 1782 abbas
729 1722 785 1781 luit
803 1723 976 1781 monasterii
995 1720 1194 1798 Sangallensis

187 1809 256 1869 inde
280 1809 316 1869 ab
336 1828 360 1870 a.
381 1807 445 1871 720
463 1828 558 1888 usque
577 1809 612 1869 ad
633 1808 705 1873 759.
741 1809 775 1869 ln
799 1811 857 1870 fine
880 1809 995 1888 prologi
1017 1817 1084 1888 post
1104 1808 1194 1869 verba

187 1894 372 1960 ‘mereamur
400 1917 465 1958 esse
493 1893 662 1958 consortes'
691 1899 788 1959 addita
816 1906 886 1959 sunt
913 1898 998 1959 haec:
1031 1894 1105 1969 ‘Qui
1134 1897 1195 1958 leni

187 1989 256 2066 iugo
287 1987 397 2048 Christi
430 1986 503 2048 colla
536 1987 709 2047 sumettere
740 1991 824 2066 cupis
856 1987 975 2065 regulae
1008 1994 1125 2066 sponte,
1157 1987 1195 2046 da

186 2082 315 2136 mentem
344 2075 451 2157 dulcis,
483 2083 517 2136 ut
544 2077 642 2154 capias
672 2075 766 2136 mella.
811 2075 866 2136 Hic
888 2079 1059 2136 testamenti
1085 2078 1194 2136 veteris

187 2167 313 2243 novique
345 2172 450 2225 cuncta
482 2165 630 2244 doctrina,
662 2164 710 2224 hio
739 2164 810 2224 ordo
843 2165 974 2245 divinus,
1010 2166 1059 2226 hic
1091 2167 1193 2226 castis·

187 2255 262 2314 sima
289 2256 348 2313 rita
374 2254 488 2332 hocque
511 2252 689 2313 Benedictus
716 2260 802 2332 pater
825 2256 978 2315 constituit
1005 2272 1122 2315 sacrum
1144 2272 1193 2312 vo-

187 2342 286 2403 lumen
315 2342 446 2421 haecque
476 2342 625 2402 mandavit
655 2345 717 2402 suis
750 2361 867 2402 servare
895 2342 1030 2403 alumnis.
1076 2342 1194 2422 Simpli-

187 2432 252 2491 cius
280 2429 447 2510 Christique
475 2433 613 2491 minister
638 2433 772 2510 magistri
799 2431 894 2492 latens
922 2450 996 2510 opus
1024 2435 1195 2511 propagavit

186 2522 218 2580 in
238 2537 353 2600 omnes,
373 2538 430 2580 nna
454 2526 552 2581 tamen
574 2521 683 2581 mercis
706 2527 833 2599 utroque
855 2529 955 2580 manet
978 2523 1009 2580 in
1032 2528 1193 2581 aeternum.

185 2603 304 2669 Amen'

253 2695 279 2756 Η
298 2725 341 2746 =
360 2697 557 2758 Hildemari
579 2699 723 2776 expositio
748 2697 885 2778 Regulae,
909 2705 976 2758 ante
1000 2716 1109 2759 annum
1129 2695 1194 2759 840

187 2787 306 2865 scripta,
325 2788 454 2864 primum
473 2788 550 2865 typis
569 2786 704 2846 mandata
722 2785 899 2848 Ratishonae
920 2784 1013 2848 1880.
1048 2785 1103 2846 Hic
1122 2803 1194 2865 quo-

188 2892 245 2952 que
274 2876 503 2934 commentarius
531 2893 623 2953 pauca
652 2875 820 2955 suppeditat
843 2874 878 2935 ad
902 2874 1114 2936 emendandam
1137 2873 1194 2934 lle-

187 2961 298 3043 gulam,
321 2962 399 3022 unde
422 2963 532 3023 lactum
555 2971 614 3044 est,
636 2971 670 3024 ut
692 2982 752 3023 non
775 2966 834 3023 nisi
857 2981 939 3024 raras
962 2964 1104 3041 quasdam
1128 2982 1194 3043 spe-

188 3053 306 3112 ciminis
325 3070 412 3112 causa
431 3051 582 3126 lectiones
592 3051 781 3130 protulerimt
806 3070 880 3130 quae
898 3054 924 3111 si
938 3054 1023 3112 cuius
1038 3053 1194 3113 desideriis

187 3157 246 3200 non
269 3141 459 3221 satisfaciant,
481 3143 579 3219 ipsum
602 3141 711 3202 librum
734 3140 875 3202 consulat.

254 3228 378 3290 Codices
401 3229 424 3288 T
448 3237 477 3289 et
499 3229 523 3288 E
546 3232 609 3310 ipsc
638 3231 762 3312 contuli,
790 3233 861 3290 item
889 3229 1108 3308 Sangallensem
1132 3229 1194 3289 lere

187 3324 297 3398 totum,
325 3320 384 3378 nisi
412 3318 490 3396 quod
519 3321 647 3399 capitum
670 3315 711 3382 47
742 3338 802 3398 seq.
831 3319 1045 3397 discrepantias
1075 3335 1194 3378 acciun-

187 3409 301 3468 tissime
334 3409 464 3468 enotavit
490 3406 511 3467 l.
538 3407 632 3489 Egli,
664 3408 815 3488 professor
848 3407 1053 3487 sangallensis
1099 3405 1194 3484 Atque

187 3498 309 3577 utinam,
333 3498 384 3574 qui
402 3495 543 3574 Regulam
567 3494 663 3556 ‘iuxta
682 3499 904 3575 antiquissimos
923 3496 1041 3556 codices
1060 3496 1194 3572 recogni-

187 3581 260 3646 tam'
278 3583 388 3645 Ratisb.
413 3603 437 3645 a.
458 3581 544 3647 1880
568 3584 669 3666 edidit,
691 3585 864 3645 Edmundus
888 3584 1030 3665 Schmidt,
1053 3583 1195 3644 lectiones
