2684 3924
229 195 280 248 XH
625 194 837 249 PRAEFATIO.

228 345 353 405 formam
376 345 453 423 typis
476 341 765 422 repraesentabimus
784 361 820 402 an
839 339 941 403 illius?
963 341 1000 402 Et
1023 341 1094 402 illud
1116 343 1240 421 quidem
1322 385 1323 460 q

227 433 304 493 haud
329 432 451 494 dubium
474 439 503 492 et
526 431 716 510 praelationis
739 431 932 510 appendicem
955 438 985 491 et
1003 431 1239 493 additamentum

227 521 354 600 Regulae
378 521 567 582 subiunctum
591 539 651 581 non
673 538 761 600 posse
785 520 820 582 ab
844 519 973 580 editione
993 526 1094 582 nostra
1116 519 1239 582 abesse:
1322 557 1323 560 =

228 617 297 671 sunt
319 611 413 690 enim,
440 608 470 669 id
494 609 572 688 quod
596 617 663 670 ante
687 611 785 670 omnia
808 608 1001 688 spectandum
1024 615 1082 689 est,
1110 607 1237 688 abipso

227 698 387 760 Benedicto
412 699 529 778 scripta.
574 697 672 760 Veluti
695 700 726 759 in
749 699 807 758 line
825 698 1017 777 praelationis
1036 693 1076 764 81
1098 698 1187 758 corda
1207 705 1239 759 et

227 805 351 866 corpora
375 787 478 848 eodem
500 787 588 847 modo
607 789 763 848 coniuncta
783 793 860 868 sunt,
884 803 941 866 quo
960 805 1005 866 cp.
1022 781 1124 867 7,141
1145 787 1237 848 corde

227 893 418 957 ..corpore3
448 876 537 956 prael.
562 872 606 938 94
634 875 763 936 dictante
795 877 951 954 aequitatis
983 877 1097 935 ratione
1130 875 1237 936 eodem

227 964 314 1025 modo
338 972 370 1025 ut
393 983 437 1044 cp.
457 964 487 1046 2,
501 961 546 1026 40
568 967 681 1026 iustitia
705 965 846 1045 dictante3
873 964 964 1044 prael.
980 957 1028 1047 (b)
1044 960 1085 1026 81
1110 981 1237 1044 corpora

227 1053 431 1114 oboedientiae
445 1053 597 1114 militanda
608 1047 676 1136 (pro
686 1046 861 1135 militatura)
873 1053 976 1113 eadem
985 1070 1110 1132 prorsus
1120 1055 1236 1115 ratione

226 1148 393 1222 peccatum,
421 1139 615 1222 qua39,10
643 1143 729 1202 tertia
756 1159 826 1221 pars
849 1148 984 1202 servetur
1011 1140 1152 1202 cenandis
1176 1135 1236 1225 (=

227 1224 399 1314 cenaturis).

314 1319 429 1380 Dixerit
455 1320 579 1379 sortasse
610 1321 757 1398 quispiam
784 1318 907 1379 alteram
934 1336 966 1378 se
992 1318 1144 1398 praeferre
1172 1319 1236 1380 edi·

229 1411 340 1470 tionem
362 1415 464 1488 utpote
487 1410 581 1486 magis
605 1407 763 1486 expolitam
786 1414 815 1467 et
834 1407 1000 1486 digniorem
1017 1409 1081 1486 ipso
1101 1414 1236 1490 auotore;

227 1517 295 1558 nam
318 1501 350 1558 in
373 1499 547 1558 recensione
571 1496 786 1576 Tegernseensi
813 1514 872 1556 non
897 1495 991 1557 solum
1016 1495 1157 1575 quaedam
1185 1497 1236 1558 ad·

228 1586 288 1647 dita
312 1593 390 1667 sunt,
413 1586 466 1647 sed
489 1589 578 1647 ctiam
600 1584 692 1646 multa
716 1592 849 1645 correcta
872 1592 902 1646 et
920 1585 1082 1666 emendata,
1105 1593 1138 1645 ut
1155 1594 1236 1667 puta,

227 1693 263 1735 ne
292 1675 387 1735 dicam
414 1675 450 1735 de
478 1674 569 1736 rebus
593 1673 841 1753 orthographicis:
868 1674 959 1752 prael.
977 1672 1022 1735 44
1044 1692 1099 1734 nos
1121 1677 1236 1735 vocavit

226 1765 257 1823 in
285 1781 409 1842 regnum
437 1781 538 1843 suum,
571 1759 606 1843 4,
627 1762 666 1826 il
695 1764 828 1842 periuret
855 1755 924 1845 (pro
952 1755 1110 1846 perieret),
1143 1761 1162 1822 2
1168 1809 1177 1842 ,
1192 1761 1235 1826 16

226 1852 413 1930 tantundem,
447 1851 475 1930 7,
495 1850 537 1914 62
561 1853 706 1912 factorum
733 1858 917 1931 nostrorum,
949 1848 1037 1932 10,7
1062 1855 1235 1912 memoriter

227 1934 295 2024 (pro
314 1933 481 2023 memorie),
506 1939 556 2020 13,
570 1939 614 2002 23
633 1943 768 2000 conversi
792 1934 860 2023 (pro
879 1933 1041 2022 conventi),
1066 1939 1150 2022 17‚8
1169 1959 1235 2002 ver·

227 2048 278 2090 sus
302 2023 371 2112 (pro
394 2023 509 2111 verso),
540 2026 591 2109 19,
610 2025 629 2089 3
654 2031 686 2088 in
709 2031 790 2088 omni
812 2028 891 2110 loco,
919 2027 970 2109 24,
989 2025 1010 2090 5
1033 2029 1142 2107 pendet
1165 2023 1234 2112 (pro
1322 2037 1323 2046 ’

225 2111 358 2201 pendat),
381 2113 496 2198 33,14
518 2124 729 2198 ammoneatur,
752 2114 839 2198 38,2
862 2119 974 2178 mensis
997 2110 1066 2199 (pro
1089 2113 1235 2202 mensae),

225 2204 278 2288 43,
293 2203 334 2268 39
354 2208 499 2285 percipiat
517 2199 586 2289 (pro
605 2199 754 2289 accipiat),
773 2203 859 2287 46,1
880 2205 945 2266 aliis
965 2205 1145 2285 quibuslibet
1163 2200 1233 2289 (pro

226 2287 388 2377 aliquibus)
413 2302 467 2354 etc.

315 2383 372 2444 Sed
392 2401 446 2444 nos
465 2401 524 2443 non
538 2401 675 2443 curamus
690 2385 852 2444 orationem
866 2383 942 2443 bene
956 2383 1085 2464 latinam,
1103 2383 1155 2443 sed
1170 2402 1232 2445 ser·

226 2491 343 2532 monem
361 2471 520 2553 vulgarem,
544 2474 592 2532 cui
611 2473 720 2550 passim
739 2471 863 2533 indulsit
880 2471 1066 2551 Benedictus,
1090 2480 1119 2531 et
1137 2475 1240 2550 magis-

225 2564 257 2621 in
286 2561 415 2622 editione
442 2563 542 2640 priore
571 2579 659 2640 quam
688 2563 720 2620 in
743 2559 842 2622 altera.
886 2560 919 2621 ld
947 2562 1037 2640 igitur
1064 2559 1150 2620 nobis
1176 2563 1233 2622 erit

225 2650 380 2731 agendum,
402 2657 435 2710 ut
459 2668 495 2710 ex
518 2649 645 2728 Regulae
669 2649 820 2710 codicibus
844 2668 996 2730 eruamus,
1019 2655 1160 2727 quantum
1184 2649 1232 2710 illa

225 2837 300 2891 circa
319 2855 422 2890 annum
436 2843 487 2891 529
505 2837 607 2891 habuit
624 2837 829 2907 praefationem
845 2837 1001 2892 breviorem
1018 2836 1109 2891 verbis
1123 2837 1228 2894 finitam

227 2908 344 2962 ‘erimus
366 2909 483 2962 heredes
506 2909 586 2978 regni
605 2909 758 2964 caelorum'
780 2911 809 2963 et
826 2909 952 2978 Regulae
970 2907 1065 2978 capita
1084 2915 1130 2979 66,
1154 2909 1231 2962 cuius
1320 2911 1323 2921 ⁴

224 2982 320 3033 tamen
337 2979 454 3048 nullum,
475 2982 612 3048 quantum
630 2979 695 3048 scio,
714 2979 871 3050 exemplum
889 2981 1029 3034 servatum
1047 2982 1097 3034 est.
1134 2979 1230 3034 Altera

225 3050 462 3132 complectebatur
489 3051 607 3104 eandem
633 3051 837 3120 praefationem
864 3054 893 3104 61
906 3051 1054 3132 Ι1161111111
1079 3050 1230 3132 appendice

224 3122 828 3275 rctrttntcrrrttrttttlb
846 3122 1231 3274 praetractatu
1322 3205 1323 3214 ψ

224 3263 1126 3416 littetltttrttlttfftt<adlatrauerat
1140 3279 1231 3388 tttt

225 3408 391 3485 aeternam),
415 3406 525 3487 deinde·
539 3409 625 3475 caput
640 3413 672 3460 '13
690 3405 841 3487 [Regulam
860 3407 934 3460 hanc
953 3407 1149 3474 descnpsrmus
1168 3407 1229 3474 etc.)

224 3476 446 3602 pgpepgpqqlpaspe
461 3493 589 3601 pppgppre
607 3479 723 3546 potent:
741 3494 808 3530 nam
825 3495 855 3530 111
873 3478 928 3531 fine
942 3494 1002 3546 cap.
1018 3482 1051 3529 72
1071 3475 1130 3530 cod.
1146 3475 1164 3529 S
1182 3476 1230 3529 ha-
