2684 3924
209 227 235 280 X
607 225 818 280 PRAEFATIO.

210 376 352 457 Regulae,
380 394 468 455 quam
496 376 645 454 praefatus
672 384 757 454 pater
784 381 1002 454 composuerat,
1025 371 1231 434 deferentes“

211 465 318 526 Chron.
342 465 437 526 Casin.
457 463 509 545 20,
523 483 570 543 pg.
589 462 664 545 479,
679 461 719 524 21
735 463 780 523 W.
800 463 882 524 Pauli
895 463 964 523 bist.
979 463 1107 540 Langob.
1119 458 1152 543 4,
1167 459 1226 524 17.

211 554 336 615 Centum
364 553 489 632 amplius
517 555 601 613 annis
624 560 704 633 post,
732 571 800 613 oum
823 554 1036 612 monasterium
1058 551 1226 612 (lasinensc

212 650 442 723 restauraretur,
474 642 628 702 Zacharias
660 642 793 721 pontifex
825 640 981 701 Petronaci
1009 641 1107 701 abbati
1136 638 1227 701 illum

213 732 345 792 codicem
363 733 513 811 permisit,
532 731 610 808 quod
629 731 752 791 tradidit
765 729 872 791 Paulus
887 729 1033 790 Diaconus
1047 731 1114 790 hist.
1130 729 1225 808 Lang.

211 819 241 901 6,
255 816 312 880 40:
335 819 490 880 Petronaci
513 819 638 880 contulit
660 819 801 900 regulam,
825 837 913 898 quam
935 818 1039 878 beatus
1062 825 1146 897 pater
1165 817 1224 878 Βθ-

211 909 348 969 nedictus
372 911 434 968 suis
458 911 568 969 sanctis
590 907 727 969 manibus
751 910 936 987 conscripsit.
982 907 1040 967 Sed
1059 925 1124 966 eam
1143 925 1224 967 anno

211 994 275 1058 896
309 1015 376 1056 cum
409 999 589 1057 monasterio
621 996 759 1057 incendio
796 999 955 1057 extinctam
992 1014 1058 1056 esse
1094 1002 1226 1056 testatur

210 1085 281 1166 Leo,
304 1085 381 1145 libl
404 1105 465 1164 cap.
485 1084 537 1148 48.
574 1085 766 1165 aliquatenus
788 1093 889 1146 tamen
912 1083 1041 1145 Fortuna
1064 1084 1120 1144 hoc
1139 1084 1225 1144 dam-

211 1192 283 1233 num
310 1177 479 1255 resarcivit,
507 1176 576 1253 quia
604 1181 690 1234 antea
713 1173 836 1235 Carolus
858 1173 981 1252 Magnus
1009 1173 1142 1233 codicem
1171 1173 1224 1233 de·

213 1262 304 1322 scribi
323 1265 459 1323 iusserat.
492 1262 534 1323 Cf.
553 1261 633 1323 Paul.
652 1263 731 1323 Diac.
751 1265 835 1341 epist.
857 1260 894 1324 1:
918 1258 967 1322 ‘en
985 1262 1068 1321 vobis
1087 1261 1223 1340 regulam

212 1350 293 1412 beati
315 1351 411 1412 Patris
435 1351 471 1411 de
491 1354 557 1430 ipso
577 1351 678 1413 codice
698 1370 786 1430 quem
805 1351 854 1411 ille
875 1353 984 1412 sanctis
1004 1353 1066 1411 sois
1084 1351 1224 1410 manibus
1321 1365 1322 1370 ’

214 1443 353 1520 exaravit,
376 1443 601 1520 transscriptam
625 1435 810 1501 direximus?
845 1440 887 1500 Ac
910 1441 1006 1500 nostri
1030 1439 1149 1519 quidem
1174 1458 1224 1499 co-

211 1529 307 1608 dices,
332 1529 367 1589 de
392 1529 499 1608 quibus
524 1548 614 1608 supra
637 1530 748 1590 dictum
772 1537 830 1608 est,
854 1528 1000 1608 quomodo
1024 1547 1060 1588 ex
1082 1528 1129 1588 his
1152 1546 1222 1607 pro·

211 1621 309 1696 pagati
333 1621 402 1699 sint,
424 1618 530 1679 inutile
549 1626 595 1678 est
613 1619 774 1699 disserere,
797 1618 890 1678 luisse
909 1616 1078 1696 complures
1097 1625 1127 1677 et
1145 1619 1222 1695 opti·

209 1724 274 1765 mos
303 1713 333 1766 et
360 1709 596 1788 antiquissimos,
624 1708 702 1768 unde
727 1707 869 1786 descripti
894 1725 960 1766 esse
983 1713 1121 1787 possunt,
1149 1708 1222 1765 satis

211 1793 430 1855 demonstrasse
453 1797 539 1856 nobis
562 1797 706 1857 videmur.
819 1841 821 1843 -

277 1882 480 1962 Capitulorum
502 1887 712 1963 inscriptiones
736 1904 796 1945 non
818 1884 855 1944 ab
878 1887 943 1963 ipso
966 1883 1143 1963 Benedicto,
1167 1883 1220 1943 sed

210 1978 313 2050 postea
340 1972 454 2032 additas
482 1991 548 2032 esse
575 1973 684 2034 multae
713 1993 762 2034 res
796 1973 972 2033 documento
1003 1979 1079 2032 sunt.
1125 1970 1220 2032 Verba
1321 2049 1322 2056 ἵ

212 2062 291 2120 enim
314 2063 425 2140 passim
453 2061 595 2122 dillerunt
622 2080 638 2121 a
665 2061 764 2122 verbis
787 2061 954 2142 Benedicti,
977 2061 1068 2121 veluti
1095 2079 1156 2138 cap.
1178 2057 1221 2121 14

211 2151 388 2228 inscriptum
412 2157 458 2210 est
480 2146 533 2210 ‘de
556 2150 702 2210 nataliciis
727 2146 927 2230 Sanctorum',
951 2168 1019 2210 cum
1042 2149 1220 2210 Benedictus

210 2238 334 2298 dixisset
353 2234 401 2298 ‘de
420 2234 653 2320 festivitatibus,
676 2239 712 2300 cf.
732 2237 774 2301 28
790 2241 907 2316 saepius
923 2232 1008 2321 (Rea.
1023 2231 1218 2320 frequenter),

211 2323 252 2387 66
276 2327 313 2386 de
342 2329 469 2388 ostiariis
499 2321 583 2410 (Ben.
607 2321 784 2411 portarius),
812 2325 853 2388 37
879 2327 915 2387 de
943 2327 1065 2387 senibus
1093 2327 1148 2386 vel
1175 2329 1218 2387 in-

209 2416 339 2477 lantibus
364 2410 401 2499 (s.
430 2424 459 2476 et
485 2411 566 2500 ini),
594 2413 637 2478 54
661 2418 812 2496 suscipere
842 2409 949 2498 (54,5
972 2409 1088 2499 accip),
1111 2411 1154 2476 55
1182 2415 1217 2474 de

210 2506 358 2565 vestiariis
381 2505 435 2566 vel
456 2505 610 2567 calciariis.
647 2504 756 2566 Parum
778 2505 896 2565 adrem
916 2512 1015 2584 aptum
1035 2511 1080 2564 est
1098 2522 1160 2582 cap.
1176 2500 1216 2564 19

211 2592 246 2653 de
275 2594 431 2673 disciplina
460 2595 618 2676 psallendi,
646 2595 751 2656 falsum
775 2613 836 2673 cap.
856 2592 899 2656 23
923 2594 960 2654 de
984 2595 1217 2654 excommunica-

209 2684 289 2742 tione
323 2682 488 2763 culparum,
521 2687 572 2763 qui
603 2703 663 2745 non
696 2683 798 2763 culpae
827 2684 1134 2760 excommunicantur,
1166 2681 1216 2741 sed

209 2770 316 2830 iratres
344 2775 436 2851 impii.
473 2772 557 2843 Quod
586 2775 729 2850 scriptum
758 2779 803 2832 est
830 2774 915 2831 initio
943 2789 1005 2848 cap.
1029 2767 1081 2833 69.
1106 2768 1155 2830 70.
1176 2768 1213 2830 71

210 2851 258 2940 (ut
280 2877 340 2918 non
362 2869 531 2938 praesumat
559 2895 601 2902 —
630 2868 663 2920 ut
691 2860 882 2920 oboedientes
906 2859 964 2919 sibi
991 2852 1065 2940 sint)
1094 2857 1216 2918 dissidet
1315 2919 1322 2938 ¹,

210 2964 277 3006 cum
300 2947 544 3026 inscriptionibus
568 2957 735 3009 ceterorum
763 2951 900 3027 capitum.
946 2947 1079 3026 Denique
1106 2949 1216 3027 capitu·

209 3034 306 3096 lorum
324 3044 511 3117 conspectus,
530 3039 581 3116 qui
600 3040 632 3097 in
649 3037 800 3116 plerisque
820 3036 972 3098 codicibus
991 3044 1021 3096 et
1040 3034 1216 3096 editionibus

210 3126 289 3184 iuter
311 3125 523 3204 praelationem
546 3129 700 3205 ipsamque
724 3125 856 3204 regulam
879 3128 1010 3187 insertus
1032 3131 1086 3205 est,
1110 3127 1215 3185 inuno

210 3213 311 3274 codice
336 3213 518 3292 Sangallensi
541 3222 608 3275 ante
630 3214 786 3294 prologum
809 3217 938 3294 scriptus
962 3220 1016 3274 est.

277 3302 361 3372 Quod
397 3303 433 3364 ad
464 3303 593 3382 Regulae
631 3304 866 3364 emendationem
901 3305 1017 3382 attinet,
1055 3303 1214 3362 sententiae

209 3408 277 3450 raro
307 3400 462 3471 corruptae
493 3400 562 3452 sunt
592 3385 643 3475 (cs.
668 3389 872 3473 cap.l,113,
901 3391 953 3452 ubi
983 3389 1215 3451 emendationem

211 3479 407 3559 suppeditavit
435 3480 606 3561 Cassianus3
639 3500 701 3560 cap.
720 3477 810 3561 57,1
841 3499 928 3559 quem
960 3479 1057 3539 locum
1086 3496 1122 3538 ex
1150 3496 1214 3538 con-

210 3569 323 3629 iectura
346 3587 465 3630 sanasse
488 3570 562 3630 mibi
584 3569 699 3650 videor3
723 3566 809 3649 61,9
832 3569 884 3630 ubi
906 3587 960 3647 pro
985 3561 1137 3627 ‘ostendit'
1158 3585 1214 3625 ma·
