2684 3924
196 187 217 250 2
604 187 801 242 PROLOGUS.

198 338 335 398 inritatus
367 332 400 398 *a
428 336 513 397 malis
537 338 661 416 uostris,
688 343 722 396 ut
744 337 945 414 nequissimos
969 353 1070 396 servos
1098 354 1209 416 perpe-

198 432 277 486 tuam
296 426 393 487 tradat
410 425 446 486 ad
465 443 589 505 poenam
609 427 660 504 qui
674 442 742 486 eum
757 425 842 503 sequi
856 423 1007 484 noluerint
1021 424 1057 486 ad
1072 424 1209 504 gloriam.

262 514 463 593 Exsurgamus
482 531 552 593 ergo
566 513 685 574 tandem
699 513 855 592 aliquando
870 514 1017 574 excitante
1036 530 1091 574 nos
1106 513 1210 594 Scrip·
1326 555 1327 606 7

197 610 262 664 tura
285 623 319 664 ac
346 603 476 664 dicente:
505 599 598 663 ‘Hora
622 611 668 663 est
694 604 753 663 iam
780 619 834 662 nos
859 600 895 662 de
924 619 1027 662 somno
1051 598 1209 684 surgere'3

157 700 227 752 acet
264 693 374 770 apertis
412 691 504 753 oculis
541 693 652 752 nostris
688 691 725 751 ad
761 690 900 751 deificum
932 690 1031 751 irrmcn
1066 690 1212 752 adtonitis

197 767 319 841 auribus
339 779 501 860 audiamus,
520 780 617 841 divina
636 779 744 840 cotidie
764 779 894 841 clamans
913 779 984 858 quid
999 797 1054 840 nos
1068 779 1212 840 admonet

197 887 252 928 vox
276 868 391 929 dicens:
416 864 524 929 ‘Hodie
549 871 575 929 si
597 886 699 929 rocem
724 870 788 929 eius
812 867 975 949 audieritis,
997 867 1090 929 nolite
1114 866 1208 930 obdu·

196 975 263 1018 rare
296 957 384 1018 corda
415 953 538 1037 vestra',
570 963 600 1017 et
631 959 741 1018 iterum
772 956 858 1016 dicit:
896 951 970 1027 ‘Qui
1001 955 1089 1017 babet
1120 974 1211 1017 aures

196 1045 336 1107 audiendi
363 1046 473 1127 audiat,
503 1045 574 1125 quid
603 1045 732 1125 Spiritus
760 1043 839 1105 dicat
864 1040 1025 1106 ecclesiis’
1070 1044 1108 1105 Et
1135 1046 1207 1124 quid

156 1153 181 1193 aa
197 1131 291 1195 dicit?
323 1130 457 1211 ‘Venite‚
485 1133 552 1214 tilii,
582 1134 681 1194 audite
705 1152 766 1215 me,
794 1135 932 1194 timorem
954 1132 1073 1194 Domini
1093 1132 1210 1194 docebo

195 1241 264 1304 vos;
288 1225 409 1305 currite,
432 1224 502 1285 dum
521 1222 622 1283 lumen
640 1225 716 1283 vitae
735 1219 859 1303 habetis,
882 1239 920 1282 ne
941 1221 1082 1282 tenebrae
1101 1224 1210 1282 mortis

194 1329 247 1372 vos
272 1306 542 1393 conprehendant'

260 1399 298 1461 Et
325 1419 470 1480 quaerens
493 1399 635 1461 Dominus
663 1401 694 1459 in
717 1399 906 1460 multitudine
929 1397 1032 1478 populi
1060 1401 1108 1459 cui
1130 1398 1206 1460 baec

195 1489 338 1551 exclamat
366 1491 535 1571 operarium
563 1505 650 1549 suum
677 1489 786 1549 iterum
813 1488 898 1548 dicit:
931 1484 1020 1559 ‘Quis
1049 1494 1096 1548 est
1117 1487 1208 1548 bomo

157 1597 183 1636 eo
198 1581 249 1657 qui
277 1580 338 1640 vuit
360 1581 450 1640 vitam
478 1585 509 1638 et
531 1579 613 1657 cupit
634 1576 736 1637 videre
760 1577 824 1638 dies
846 1571 979 1637 bonosP'
1017 1575 1101 1647 Quod
1125 1577 1151 1636 si
1173 1583 1208 1637 tu

197 1666 321 1729 audiens
344 1667 537 1748 respondeas:
560 1665 631 1745 Ego,
655 1665 726 1727 dicit
748 1665 803 1726 tibi
826 1664 918 1726 Deus:
956 1662 1003 1725 ‘Si
1030 1665 1075 1724 vis
1096 1663 1208 1726 babere

196 1773 296 1815 veram
320 1764 350 1817 et
372 1764 546 1836 perpetuam
569 1757 667 1835 vitam,
689 1753 814 1834 prohibe
837 1753 967 1833 linguam
986 1761 1067 1814 tuam
1085 1752 1208 1835 amalo,

197 1851 228 1903 et
251 1843 327 1904 labia
355 1850 405 1905 tua
433 1863 470 1904 ne
498 1843 657 1923 loquantur
684 1842 799 1924 dolum3
826 1843 946 1903 deverte
969 1861 985 1902 a
1008 1841 1085 1902 malo
1109 1841 1207 1903 etiae

196 1931 320 2014 bonum3
353 1935 471 2012 inquire
504 1950 606 2011 pacem
639 1939 669 1992 et
701 1950 826 2011 sequere
856 1950 929 1992 eam.
974 1931 1012 1991 Et
1039 1948 1107 1992 cum
1132 1929 1207 1991 haec
1264 2005 1267 2010 Ι

155 2021 343 2103 reieceritis,
371 2020 450 2082 oculi
472 2023 531 2080 mei
555 2038 732 2101 supervos,
763 2026 792 2080 et
819 2037 906 2081 aures
933 2037 1015 2080 meae
1042 2019 1076 2079 ad
1101 2037 1208 2099 preces

195 2117 318 2192 vestras,
343 2117 373 2171 et
396 2115 552 2188 antequam
574 2127 622 2169 me
645 2111 799 2188 invocetis,
821 2108 918 2169 dicam
941 2107 1038 2168 vobis:
1060 2106 1137 2169 Ecce
1155 2107 1208 2168 ad·

195 2195 287 2259 sum'
315 2233 356 2243 -
389 2197 467 2270 Quid
495 2197 610 2259 dulcius
637 2196 724 2258 nobis
752 2192 807 2257 *ab
834 2197 889 2257 hac
916 2215 987 2258 voce
1014 2195 1132 2256 Domini
1160 2198 1207 2256 in-

194 2288 314 2347 vitantis
338 2306 406 2368 nos,
429 2287 537 2348 iratres
559 2283 733 2347 karissimi?
773 2285 851 2347 Ecce
878 2288 988 2365 pietate
1010 2303 1062 2346 sua
1086 2284 1207 2346 demon-

127 2391 128 2397 *
195 2382 269 2436 strat
292 2375 378 2437 nobis
401 2376 545 2438 Dominus
567 2377 644 2436 viam
667 2377 752 2437 vitae.
798 2374 965 2436 Succinctis
988 2391 1059 2453 ergo
1078 2373 1135 2434 fide
1159 2372 1208 2434 vel

154 2485 181 2524 ro
196 2463 381 2526 observantia
404 2465 550 2526 bonorum
572 2471 693 2524 actuum
715 2463 824 2526 lumbis
848 2466 959 2524 nostris

239 2546 285 2637 (a)
309 2561 339 2614 et
362 2552 492 2616 calciatis
515 2555 547 2614 in
569 2555 847 2633 praeparatione
894 2545 943 2636 (b)
966 2569 1021 2632 per
1045 2551 1185 2612 ducatum

237 2642 381 2722 evangelii
404 2645 486 2723 pacis
511 2641 638 2722 pedibus
897 2639 1040 2719 evangelii

192 2740 351 2809 pergamus
375 2735 482 2792 itinera
505 2734 580 2812 eius,
603 2737 637 2791 ut
659 2749 826 2791 mereamur
849 2748 917 2791 eum
941 2730 993 2808 qui
1015 2745 1070 2788 nos
1091 2729 1208 2788 vocavit

193 2820 225 2878 in
253 2837 344 2898 reguo
373 2838 427 2880 suo
454 2820 563 2881 videre.
609 2819 643 2879 ln
671 2821 756 2880 cuius
779 2821 864 2897 regni
890 2815 1082 2879 tabernaculo
1107 2818 1133 2877 si
1155 2833 1207 2876 vo·

265 3045 298 3094 20
318 3039 447 3093 attonitis
468 3040 508 3096 Ot
572 3047 605 3094 21
626 3039 785 3095 cottidieS
845 3041 1026 3095 emmonetS
1056 3039 1210 3094 admoneat.

191 3127 256 3166 rece.
319 3116 352 3164 23
372 3109 486 3165 dicitO
520 3127 570 3166 om.
590 3111 643 3166 ST
704 3117 738 3165 29
757 3111 896 3165 exclamat
916 3110 939 3166 O
957 3112 1002 3181 (=
1015 3127 1120 3182 magne
1137 3126 1207 3165 voce

192 3181 235 3250 cb,
257 3183 314 3236 eisc
336 3189 493 3250 corruptum
515 3189 553 3237 est
570 3199 603 3238 eae
623 3182 727 3252 ‘haec')
756 3183 860 3237 clamat
880 3183 906 3235 Τ
930 3181 1074 3237 elemetS
1128 3187 1161 3235 35
1182 3199 1206 3236 s.

191 3254 252 3324 vos]
270 3254 348 3308 ocrbo
367 3255 464 3308 omisso
482 3260 513 3308 ot
527 3255 630 3309 Psalm.
641 3258 733 3322 33,16
751 3253 825 3308 oculi
838 3252 951 3308 Domini
969 3268 1052 3322 super
1069 3253 1158 3306 iustos
1176 3255 1209 3307 et

192 3339 273 3377 eures
297 3324 355 3378 eius
378 3324 409 3377 in
432 3339 527 3393 preces
550 3341 646 3379 eorum
717 3325 838 3379 measO
908 3330 942 3378 39
961 3323 1027 3377 fidei
1047 3323 1092 3376 vel
1111 3323 1207 3376 obser-

190 3394 303 3448 vantiae
324 3395 347 3449 0
417 3401 451 3448 41
476 3398 505 3449 et
526 3395 653 3450 calciatis
673 3395 861 3477 ...pedibus
882 3396 969 3450 OSH
1001 3410 1051 3464 per
1070 3395 1207 3448 ducatum

191 3464 401 3590 evanpieliiOTS
417 3484 502 3537 morp.
521 3484 571 3522 ree.
591 3485 625 3522 m.
690 3474 725 3522 44
744 3485 774 3520 m
791 3483 909 3536 regnum
927 3483 1007 3520 suum
1027 3467 1053 3519 Τ
1111 3465 1208 3520 taber-

189 3553 299 3590 uacus
