2684 3924
538 222 751 277 PRAEFATIO.
1112 223 1152 276 IX

138 365 318 456 67-7326.
355 372 440 444 Quod
462 374 612 434 neminem
631 372 725 433 adhuc
745 371 987 432 animadvertisse
1006 373 1064 432 etsi
1082 373 1146 433 iure

136 463 270 541 mireriS,
304 460 370 523 luce
403 467 501 521 tamen
534 461 642 523 clarius
673 469 726 521 est.
764 459 884 522 Scilicet
915 460 1006 528 linem
1037 460 1147 522 lecerat

138 549 317 612 Benedictus
340 557 425 610 antea
447 551 479 609 in
502 569 564 629 cap.
584 547 641 630 66,
664 549 743 629 quod
766 555 812 610 ost
835 549 871 609 de
903 551 1046 630 ostiariis,
1072 551 1147 610 scite

137 639 309 718 admodum,
332 640 417 718 quasi
439 637 592 699 dimittens
615 639 757 716 lectorem
779 645 1024 704 totamonstrata
1046 655 1148 699 mona-

139 729 224 789 sterii
246 730 440 789 institutione.
470 727 590 788 Addidit
608 727 715 788 deinde
738 726 840 788 verba:
863 721 955 794 ‘hanc
978 733 1077 787 autem
1099 745 1145 788 re·

137 816 236 896 gulam
268 818 385 896 saepius
418 814 553 877 volumus
585 817 617 876 in
649 817 876 894 congregatione
908 815 980 896 legi,
1011 835 1049 876 ne
1080 817 1147 894 quis

138 905 264 966 fratrum
297 924 328 966 se
361 905 397 966 de
429 906 596 984 ignorantia
627 901 773 966 excuset’.
810 903 889 965 llaec
915 904 1058 966 hactenus
1089 903 1147 965 ille.

138 993 258 1074 Aliquot
276 996 361 1054 annis
379 1000 563 1073 postrorum
581 1012 637 1055 usu
654 993 776 1055 edoctus
791 993 865 1054 vidit
878 993 1019 1056 nonnulla
1038 995 1148 1054 omissa

138 1101 204 1144 esse
233 1085 264 1144 in
293 1082 418 1161 Regula,
446 1090 476 1142 et
502 1101 571 1145 oum
597 1089 688 1144 totam
715 1090 876 1144 retractare
905 1081 1010 1163 nollet,
1038 1100 1147 1162 appen-

140 1171 236 1232 dicem
255 1171 374 1232 addidit.
411 1170 486 1232 Cum
505 1174 623 1251 copiose
643 1171 766 1232 dixisset
785 1167 883 1250 cap.5
902 1170 938 1231 de
962 1171 1148 1236 oboedientia

139 1261 344 1339 superioribus
372 1259 550 1341 exhibenda,
583 1279 645 1340 cap.
666 1257 706 1321 71
735 1278 829 1339 pauca
859 1259 992 1320 adiunxit
1023 1277 1148 1320 monens

138 1348 245 1412 iratres
264 1366 381 1428 quoque
400 1348 458 1408 sibi
476 1351 603 1410 invicem
621 1355 772 1427 praestare
791 1347 900 1410 debere
919 1347 1148 1408 oboedientiam.

140 1436 215 1498 Cum
238 1456 300 1516 cap.
325 1437 347 1497 4
376 1445 514 1516 negasset
541 1437 636 1499 zelum
659 1436 826 1498 babendum
855 1454 934 1515 esse,
962 1454 1024 1513 cap.
1044 1434 1086 1496 72
1110 1436 1147 1495 de

137 1525 201 1586 zelo
229 1525 307 1587 bono
337 1525 427 1586 verba
457 1528 540 1608 lecit,
573 1545 707 1605 quaeque
735 1543 797 1602 cap.
822 1520 863 1585 51
892 1531 1084 1603 praeceperat
1111 1523 1147 1583 de

137 1613 280 1675 fratribns
302 1616 353 1693 qui
371 1632 431 1674 non
449 1614 536 1692 longe
555 1615 793 1693 proficiscuntur,
813 1611 987 1690 supplentur
1002 1614 1086 1690 quasi
1100 1614 1148 1692 iis,

139 1721 214 1782 quae
238 1721 299 1781 cap.
319 1701 360 1765 67
385 1703 422 1763 de
449 1702 591 1763 iratribus
618 1704 650 1762 in
677 1704 754 1762 viam
782 1701 904 1762 directis
931 1703 1042 1779 scripta
1070 1708 1148 1762 sunt.

139 1790 215 1851 Nam
237 1792 278 1851 ita
301 1790 438 1851 omnihus
462 1791 524 1851 fere
548 1790 656 1850 accidit
679 1789 776 1868 legum
794 1788 950 1871 latoribus3
975 1808 1012 1850 ne
1031 1792 1148 1869 sapien-

137 1881 248 1940 tissimi
276 1879 395 1958 quidem
423 1880 521 1939 omnia
550 1886 649 1939 mente
682 1886 712 1939 et
742 1880 917 1958 cogitatione
949 1881 1147 1960 prospiciunt3

138 1965 286 2046 simplicia
303 1967 456 2028 bominum
475 1969 603 2047 ingenia,
616 1985 716 2028 rerum
736 1986 808 2029 usus
822 1967 985 2047 multiplex.
1017 1967 1054 2028 Et
1070 1968 1148 2046 quod

138 2055 300 2117 Benedicto
322 2055 442 2136 accidit,
469 2058 501 2117 in
524 2055 590 2116 aliis
613 2074 731 2136 quoque
754 2056 865 2135 regulis
889 2056 1148 2118 monasterialibus

138 2146 249 2205 factum
271 2163 337 2206 esse
361 2144 628 2206 animadvertimus.
665 2145 730 2206 lluc
749 2145 871 2226 accedit,
895 2144 972 2224 quod
996 2146 1027 2205 in
1047 2144 1148 2205 codice

139 2232 335 2314 sangallensi,
368 2252 455 2313 quem
484 2233 596 2313 glossas
620 2233 827 2296 interlineares
855 2233 1051 2295 alamannicas
1079 2251 1149 2294 oon-

139 2323 235 2383 tinere
268 2340 357 2401 supra
388 2323 532 2403 diximus,
568 2323 598 2382 id
635 2324 887 2402 interpretationis
920 2340 1013 2401 genus
1050 2321 1149 2384 delicit

140 2411 201 2469 sere
225 2410 293 2470 inde
316 2429 332 2470 a
355 2412 450 2491 capite
470 2409 520 2473 67.

206 2496 307 2576 Ipsum
338 2498 491 2561 Benedicti
527 2498 677 2578 exemplar
709 2501 828 2578 saepius
864 2499 1046 2577 descriptum
1083 2516 1149 2558 esse

140 2584 242 2645 multis
275 2589 453 2665 scriptorum
485 2589 663 2649 testimoniis
696 2585 913 2666 comprobatur.
959 2585 1033 2646 Cum
1070 2588 1149 2646 enim

140 2671 273 2753 Maurus,
300 2673 452 2736 Benedicti
480 2676 658 2756 discipulus,
690 2677 721 2735 in
749 2674 872 2735 Galliam
899 2674 1149 2755 proficisceretur,

141 2763 257 2840 accepit
275 2779 290 2820 a
309 2766 458 2844 magistro,
483 2767 560 2825 sicut
578 2766 723 2843 scriptum
743 2765 838 2823 estin
856 2761 951 2823 Mauri
969 2764 1037 2843 rita,
1061 2782 1149 2842 quam

140 2851 308 2929 composuit
329 2849 464 2933 Faustus,
492 2849 617 2914 ‘librum
644 2851 787 2932 Regulae,
815 2870 904 2930 quem
931 2854 995 2931 ipse
1024 2851 1149 2914 Sanctus

140 2957 231 3001 manu
254 2957 306 3000 sua
330 2936 514 3020 scripserat’.
560 2940 659 3001 Malim
685 2949 785 3002 tamen
808 2941 881 3002 baec
908 2939 997 3000 verba
1021 2940 1056 3001 de
1080 2960 1149 3020 apo-

140 3027 253 3106 grapho
280 3029 484 3108 interpretari,
512 3029 591 3107 quod
617 3029 771 3090 Benedicti
799 3030 1001 3108 autographon
1028 3030 1059 3088 in
1086 3047 1149 3088 mo-

140 3119 272 3178 nasterio
291 3115 446 3177 Casinensi
468 3124 616 3178 serratum
643 3135 708 3178 esse
737 3125 865 3198 constat,
892 3118 981 3196 idque
1004 3117 1150 3198 monachi,

141 3223 179 3266 ne
203 3223 220 3265 a
243 3203 443 3283 Langobardis
466 3204 659 3286 laceraretur,
682 3205 804 3266 Romam
827 3212 1024 3286 asportarunt.
1068 3204 1149 3286 „Fu-

143 3295 258 3371 gientes
282 3291 419 3353 monachi
440 3292 563 3354 Romam
585 3296 736 3372 petierunt
755 3313 857 3356 secum
875 3296 1007 3355 codicem
1031 3302 1148 3356 sanctae

213 3499 237 3566 *)
256 3498 325 3552 Cum
344 3514 404 3566 cap.
420 3502 461 3564 70,
477 3504 509 3550 13
529 3497 664 3552 scriberet
683 3497 775 3562 ‘Quod
793 3498 847 3552 tibi
865 3516 922 3552 non
939 3498 979 3552 vis
998 3499 1070 3567 fieri,
1094 3499 1150 3553 alio

140 3585 176 3623 ne
195 3568 316 3636 feceris'‚
334 3567 479 3622 immemor
496 3567 551 3622 fuit
569 3585 598 3622 se
617 3568 675 3622 iam
692 3576 718 3638 4,
729 3576 753 3624 i.
771 3575 813 3637 61,
825 3575 858 3624 29
877 3569 953 3624 idem
971 3569 1122 3640 scripsisse.
