2684 3924
535 241 747 296 PRAEFATIO.
1107 242 1145 295 XI

133 392 186 452 lim
220 392 350 452 scribere
380 387 559 472 ‘obtendit'3
588 384 672 474 etc.);
705 409 739 450 eo
769 393 885 470 saepius
918 390 954 451 de
986 391 1143 451 verborum

134 483 240 541 lormis
258 488 378 559 totaque
397 483 543 539 sermonis
562 479 660 540 indole
675 479 834 540 dubitatur.
870 479 967 540 Veluti
984 499 1045 558 cap.
1060 477 1142 560 27,ss

134 568 234 630 editur
269 568 350 630 nulla
387 568 521 629 codicum
558 569 694 629 adnotata
731 569 929 647 discrepantia
965 564 1142 629 ‘immittere

133 654 385 738 sympaectas',
412 664 507 738 recte,
534 657 570 716 ad
599 659 776 717 sententiam
805 657 937 738 quidem3
968 657 1143 718 vocabulum

134 749 216 807 enim
240 746 443 826 συμπαίκτης
470 764 486 806 a
509 745 655 824 palaestra
681 745 855 806 translatum
885 753 930 807 est
953 746 989 806 ad
1013 747 1143 825 discipli·

133 853 204 896 nam
228 834 275 894 vel
297 835 434 896 militiam
457 835 677 894 monachorum.
719 834 793 894 Cum
816 842 914 894 autem
938 837 969 895 in
993 835 1144 896 codicibus

132 925 345 984 vetustissimis
378 923 519 984 traditum
556 925 595 983 sit
631 919 862 1004 ‘senpectas',
900 923 930 982 id
963 942 1023 984 non
1055 925 1142 984 modo

107 1013 361 1092 restituendum,
384 1011 436 1072 sed
460 1011 562 1071 salsam
586 1012 823 1090 orthographiam
847 1030 883 1071 ex
903 1030 937 1072 eo
960 1020 1053 1073 ortam
1077 1031 1142 1072 esse

132 1107 265 1181 apparet,
288 1103 356 1180 quia
379 1103 478 1160 senis
496 1099 670 1160 vocabulum
688 1099 780 1160 latere
799 1118 955 1179 perperam
975 1101 1033 1161 sibi
1051 1103 1142 1180 finge-

131 1189 212 1249 bant.
249 1186 347 1259 Quid?
380 1189 458 1268 quod
485 1188 663 1249 Benedictus
690 1191 754 1266 ipse
778 1191 821 1248 sio
844 1191 953 1267 pergit:
981 1185 1020 1249 ‘s
1044 1190 1074 1250 id
1098 1197 1143 1250 est

133 1280 268 1338 seniores
293 1281 441 1357 sapientes
465 1274 596 1358 iratres',
620 1276 727 1356 quibus
750 1276 849 1337 verbis
868 1277 1041 1338 vocabulum
1060 1297 1142 1357 grae·

132 1384 203 1426 cum
225 1369 445 1446 interpretatur.
482 1365 570 1426 Plane
595 1365 685 1426 simili
707 1366 794 1425 modo
818 1368 849 1425 in
868 1364 954 1444 Corp.
978 1366 1065 1444 gloss.
1087 1367 1141 1426 vol.

131 1454 156 1512 V
174 1451 249 1536 565,
269 1453 309 1516 61
331 1457 474 1534 scriptum
497 1462 556 1515 est:
580 1454 689 1515 senode
714 1447 771 1536 (=
792 1447 931 1535 synodo):
954 1459 1142 1532 congregatio

132 1561 246 1603 senum.
269 1543 293 1602 V
320 1542 400 1623 331,
419 1541 469 1604 39.
510 1543 582 1602 lude
616 1545 817 1603 coniecturam
849 1544 962 1622 capias,
996 1561 1052 1621 qua
1084 1543 1142 1603 fide

132 1631 239 1710 dignae
269 1634 329 1692 sint
352 1632 497 1692 editiones
520 1638 646 1691 nostrae.
689 1630 768 1690 Adeo
797 1632 876 1689 enim
899 1647 958 1689 non
982 1630 1144 1693 excellebat

134 1720 163 1780 S.
187 1720 365 1780 Benedictus
389 1720 534 1798 elegantia
552 1719 693 1797 Tulliana,
717 1724 750 1777 ut
771 1717 863 1778 merito
887 1721 980 1797 magis
1003 1720 1142 1798 indagan-

133 1808 205 1869 dum
229 1811 277 1889 sit,
301 1815 446 1886 quatenus
470 1806 626 1867 indulserit
645 1807 775 1866 sermoni
794 1806 914 1885 vulgari.
952 1808 1009 1868 Sed
1034 1809 1143 1870 dehac

132 1915 166 1956 re
187 1896 258 1956 alias
282 1896 398 1955 dicetur
421 1895 557 1976 uberius3
585 1897 704 1955 interim
726 1892 868 1973 Regulam
896 1896 931 1956 ad
955 1897 1043 1957 tidem
1067 1901 1142 1978 opti-

131 2003 251 2046 morum
279 1983 414 2044 codicum
441 1991 573 2044 exactam
603 1986 634 2043 in
662 1984 792 2043 medium
819 1985 978 2062 protulisse
1008 1987 1141 2047 sufficiat.

130 2073 343 2135 Recentiorum
362 2073 497 2133 codicum
519 2073 605 2151 plane
625 2072 703 2133 nulla
723 2081 769 2133 est
783 2076 952 2155 auctoritas,
971 2077 1047 2154 quia,
1067 2094 1141 2154 quae

132 2164 280 2222 sermonis
307 2161 435 2240 vulgaris
464 2168 533 2222 sunt
555 2164 675 2241 propria
699 2169 748 2222 aut
771 2161 827 2221 alio
851 2165 970 2222 nomine
994 2162 1142 2245 notabilia,

131 2258 266 2311 correcta
289 2257 358 2312 sunt
376 2251 411 2311 ad
426 2269 560 2311 normam
573 2250 725 2311 Prisciani.
754 2249 935 2311 Documento
951 2253 1011 2312 sint
1024 2253 1055 2312 hi
1069 2253 1141 2313 loci:

345 2393 429 2453 codd.
453 2395 564 2473 optimi.
867 2394 1057 2454 recentiores.

168 2500 259 2578 prael.
316 2496 457 2559 6sermo
480 2498 553 2558 mibi
576 2498 716 2576 dirigitur
862 2515 884 2556 s,
909 2516 992 2558 meus
1016 2499 1069 2559 dir.

230 2583 261 2667 5,
293 2583 337 2647 34
360 2605 411 2647 eor
433 2595 668 2647 murmurantem
859 2604 883 2644 c.
907 2591 1119 2649 murmurantis

232 2672 336 2756 7,104
359 2674 455 2734 revela
479 2674 515 2734 ad
538 2675 689 2734 dominum
857 2691 880 2732 r.
905 2672 1023 2734 domino

210 2763 260 2843 11,
295 2760 334 2824 11
358 2769 426 2841 post
449 2762 556 2841 quibus
857 2769 925 2840 post
948 2781 1023 2840 quae

209 2849 261 2932 17,
317 2849 463 2929 lquanti
486 2850 592 2930 psalmi
857 2858 929 2928 quot
950 2852 1056 2929 psalmi

208 2938 261 3020 28,
295 2937 335 3002 18
360 2959 397 3000 ne
421 2941 484 3000 ovis
506 2939 640 3000 morbida
663 2942 810 3018 contagiet
860 2943 1039 3002 contaminet

209 3024 262 3110 53,
295 3026 335 3089 37
362 3027 518 3089 oboediant
541 3031 692 3108 imperatis
860 3031 1017 3108 imperanti

209 3114 261 3197 61,
316 3115 386 3178 bsi
409 3124 566 3178 contentus
590 3127 634 3178 est
857 3120 890 3176 si.
915 3137 939 3178 c.
963 3119 1052 3179 luerit

209 3203 261 3286 64,
295 3200 336 3265 15
359 3224 375 3266 e
399 3206 514 3266 diverso
857 3224 872 3265 e
897 3210 1052 3267 contrario.

129 3311 241 3371 Verum
273 3312 424 3372 mittamus
456 3311 528 3371 haec
556 3311 791 3391 interpolationis
820 3330 935 3389 genera.
982 3312 1139 3382 Quotiens·

131 3418 250 3478 cunque
274 3406 372 3458 autem
396 3399 485 3459 editio
508 3399 600 3461 altera
623 3400 721 3461 differt
745 3419 760 3459 a
779 3392 934 3482 prioress),
958 3418 1030 3461 num
1052 3403 1139 3465 buius

205 3587 229 3658 *)
247 3587 376 3641 Fortasse
390 3589 447 3641 tres
462 3587 598 3642 editiones
613 3588 828 3659 distinguendae
839 3591 911 3643 sunt.
934 3589 1027 3644 Prima
1037 3591 1141 3662 scripta
