2684 3924
318 949 662 1036 BENEDIOTI
692 949 964 1036 REGULA.

204 1221 357 1301 nucula,
385 1238 402 1280 o
426 1219 481 1300 fili,
508 1227 665 1299 praecepta
692 1221 828 1298 magistri
856 1226 885 1280 et
911 1219 1021 1282 inclina
1043 1239 1146 1281 aurem

137 1311 237 1372 cordis
265 1311 310 1371 tui
337 1315 367 1370 et
395 1308 626 1370 admonitionem
652 1310 695 1387 pii
721 1310 814 1387 patris
837 1307 964 1369 libenter
980 1311 1094 1388 'excipe
1117 1316 1147 1370 et

136 1400 299 1461 efficaciter
327 1396 455 1479 comple,
486 1404 520 1458 ut
547 1396 583 1458 ad
611 1415 679 1457 cum
705 1414 761 1476 per
787 1395 991 1458 oboedientiae
1016 1396 1146 1458 laborem

137 1488 243 1550 redeas
267 1506 283 1548 a
307 1505 365 1566 quo
388 1501 443 1566 per
465 1485 702 1546 inoboedientiae
727 1484 870 1546 desidiam
892 1503 1068 1546 recesseras.
1103 1486 1147 1546 Ad
1175 1497 1187 1537 5

138 1585 168 1638 te
192 1594 262 1656 ergo
285 1594 365 1637 nuno
387 1575 462 1636 mibi
484 1593 581 1636 sermo
606 1573 759 1654 diregitur‚
782 1575 918 1652 quisquis
937 1573 1147 1635 abrenuntians

139 1667 268 1744 propriis
287 1661 487 1726 voluntatibus
504 1661 629 1723 Domino
654 1661 771 1723 Christo
796 1680 864 1722 vero
883 1665 947 1741 rogi
969 1661 1148 1724 militaturus

140 1753 344 1814 oboedientiae
368 1751 529 1813 fortissima
548 1756 636 1829 atque
659 1749 810 1828 praeclara
833 1768 913 1812 arma
936 1751 1080 1832 adsumis,
1104 1754 1148 1812 in·

140 1843 245 1921 primis
268 1847 302 1902 ut
325 1838 468 1919 quidquid
487 1838 633 1918 agendum
651 1838 772 1898 inchoas
790 1837 910 1920 bouum,
933 1839 969 1900 ab
992 1858 1026 1900 eo
1045 1842 1149 1919 perfici

141 1927 357 1990 instantissima
378 1929 511 1988 oratione
535 1926 685 2007 deposcas.
1163 1943 1189 1982 ιο

208 2017 247 2078 Ut
270 2018 321 2096 qui
343 2035 398 2077 uos
421 2018 479 2077 iam
502 2017 534 2076 iu
558 2015 685 2079 filiorum
709 2014 911 2096 dignatusest
932 2034 1056 2078 numero
1079 2035 1148 2077 oon-

141 2113 256 2187 putare,
279 2123 338 2166 non
358 2104 463 2166 debeat
481 2104 638 2185 aliquando
657 2105 694 2166 de
713 2103 798 2166 malis
817 2104 931 2166 actibus
950 2107 1060 2166 nostris
1079 2123 1149 2166 oon-

140 2197 263 2276 tristari,
285 2197 326 2256 ita
349 2197 429 2256 enim
450 2196 478 2254 ei
497 2197 730 2274 omnitempore
753 2189 808 2255 ‘de
827 2193 913 2255 bonis
932 2195 1043 2255 suisio
1063 2193 1149 2256 uobis

139 2283 304 2364 parendum
331 2289 389 2365 ost,
417 2296 451 2344 ut
477 2301 537 2344 uon
565 2282 661 2344 solum
689 2285 783 2343 iratus
809 2289 894 2363 pater
921 2300 991 2343 suos
1014 2300 1075 2344 non
1097 2283 1149 2343 ali·

140 2373 256 2452 quando
284 2371 360 2433 tilios
388 2371 561 2453 exheredet,
591 2372 725 2434 seduco
753 2379 786 2432 ut
812 2370 988 2433 metuendus
1012 2371 1148 2434 dominus
1164 2386 1190 2428 15

212 2558 360 2616 Adnotatio
384 2557 489 2615 critico.
525 2559 599 2615 Prol.
619 2566 642 2613 1.
661 2558 794 2612 INCIPIT
816 2557 957 2612 TEXTUS
980 2557 1150 2612 REGULAE

143 2632 168 2685 T
180 2631 227 2697 fol.
235 2634 281 2696 2⁰3
294 2629 427 2684 INCIPIT
441 2627 589 2682 REGULA
602 2628 627 2681 A
641 2628 781 2683 SANGTO
795 2628 1001 2683 BENEDIOTO
1014 2628 1151 2682 AEDITA

141 2699 245 2756 CUIUS
272 2700 389 2754 UITAM
416 2697 537 2764 ATQUE
564 2699 743 2753 UIRTUTES
766 2699 862 2754 PAPA
884 2698 1088 2754 GREGORIUS
1110 2699 1151 2754 IN

140 2770 256 2826 LIBRIS
279 2768 520 2824 DLALOGORUM
539 2769 755 2824 DISSCRIPSIT
775 2771 801 2824 T
818 2771 866 2838 foi.
880 2768 926 2824 2¹³.
964 2771 1002 2823 In
1019 2771 1108 2825 codice
1128 2770 1151 2826 O

139 2844 238 2900 titulus
258 2843 382 2908 evanuit,
404 2841 462 2894 nisi
483 2843 555 2910 qaod
573 2859 606 2896 ecc
624 2842 720 2896 titteris
737 2841 833 2895 PRAE
851 2857 908 2895 non
928 2841 1095 2912 ‘ptoloqm’‚
1119 2848 1151 2897 ot

140 2916 222 2985 oulyo
240 2914 343 2979 editor,
365 2913 411 2967 sed
434 2911 602 2981 ‘praefatio'
622 2913 703 2968 initio
720 2913 830 2983 regulae
847 2919 990 2967 coarctem
1007 2913 1093 2980 fuisse
1110 2914 1149 2966 ci-

141 2987 227 3040 dctnr.
265 2985 303 3038 In
320 2985 343 3039 S
360 2984 455 3038 nullus
473 2985 583 3038 omnino
601 2984 698 3038 titulus
715 2985 833 3052 scriptos
850 2989 888 3038 cst
905 2990 930 3038 et
944 2983 1074 3054 proleque
1088 2990 1152 3052 post

140 3056 322 3126 capitulorum
342 3056 459 3110 intimem
473 3056 587 3124 positus.
606 3086 642 3094 -
662 3055 741 3126 Grec.
758 3055 811 3108 Ma
850 3055 904 3108 .de
916 3055 974 3109 cita
988 3055 1089 3108 Rooted.
1101 3058 1151 3108 36:

142 3126 254 3196 scripsit
271 3126 509 3182 monachorum
522 3126 657 3196 regulam.
687 3125 784 3180 maon.
820 3127 890 3180 coin.
900 3129 938 3179 20
953 3125 1062 3194 (Script.
1073 3125 1149 3178 Lon-

141 3199 199 3267 oob.
219 3199 471 3253 edWaite1878.
487 3213 534 3268 1²9·
544 3201 612 3266 478)
630 3195 808 3264 Benedictus,
826 3195 875 3264 qui
892 3196 1092 3249 monachorum
1109 3211 1151 3249 re·

142 3269 238 3337 gulam
256 3268 388 3323 instituit.

214 3345 229 3392 2
249 3341 350 3396 Psazm.
361 3343 406 3406 44,
416 3345 450 3393 11
470 3339 545 3407 audi,
563 3338 631 3408 filia,
650 3340 679 3392 et
695 3336 802 3392 inclino
816 3353 913 3392 aurem
925 3340 1016 3406 tuam3
1034 3337 1150 3392 Hieron.

143 3411 218 3478 epist.
228 3415 301 3478 22,1
370 3417 386 3464 6
406 3409 543 3480 diregitur
560 3411 582 3466 S
616 3409 753 3479 dirigetur
772 3410 795 3464 0
831 3408 962 3478 dirigitur
981 3409 1007 3461 T
1071 3415 1087 3462 8
1107 3426 1152 3461 su-

143 3480 196 3533 mis
217 3482 242 3534 Τ
330 3487 363 3536 12
387 3480 490 3536 debeat
514 3482 577 3536 ΘΗ
614 3481 698 3536 debet
720 3480 784 3535 ST:
810 3481 845 3548 cf.
859 3484 919 3546 2,9
1010 3485 1041 3533 13
1066 3478 1152 3550 enim]

143 3551 245 3607 etiam?

196 3651 317 3694 Benedicti
330 3653 425 3704 Regula.
978 3646 992 3692 1
