2684 3924
500 979 850 1064 PRAEFATIO.

622 1149 729 1162 -ud-

237 1247 373 1330 Codiees,
397 1248 505 1329 quibus
528 1268 601 1311 usus
625 1268 691 1311 sum
714 1253 746 1312 in
773 1253 954 1316 recensenda
973 1253 1002 1316 S.
1025 1254 1179 1318 Benedicti

169 1337 341 1402 Nursiensis
364 1338 474 1420 regula,
498 1346 567 1400 sunt
589 1339 633 1400 bi:

236 1427 317 1490 0=
333 1427 562 1509 Oxoniensis,
584 1427 780 1490 bibliothecae
795 1428 979 1512 Bodleianae,
996 1433 1027 1493 in
1045 1433 1176 1513 catalogo

169 1513 292 1579 ‘Halton
314 1513 373 1580 48²
402 1525 588 1598 numeratuS,
616 1517 755 1578 loliorum
779 1517 941 1599 LXXXVII,
969 1519 1086 1581 saeculo
1109 1540 1176 1600 sep·

168 1609 240 1668 timo
268 1606 314 1668 vel
341 1614 443 1669 octavo
469 1606 577 1667 litteris
604 1605 771 1667 uncialibus
799 1607 942 1688 scriptus,
973 1607 1073 1669 multis
1102 1609 1175 1671 locis

167 1704 320 1758 correctus
343 1697 451 1774 partim
475 1713 491 1755 a
514 1694 657 1756 monacho
680 1693 814 1754 eiusdem
837 1695 899 1754 lere
923 1714 990 1757 cum
1008 1699 1103 1775 ipsius
1127 1719 1175 1760 co-

167 1784 242 1845 dicis
266 1784 387 1845 librario
410 1785 523 1864 aetatis,
546 1784 597 1861 qui
621 1784 709 1843 etiam
730 1781 926 1862 capitulorum
949 1785 1050 1847 titulos
1074 1787 1174 1850 rubris

166 1873 274 1934 litteris
298 1870 410 1932 addidit
431 1864 505 1954 (0¹),
527 1872 634 1950 partim
659 1890 674 1931 a
698 1869 795 1932 scriba
819 1875 954 1935 exeuntis
977 1875 1039 1935 lere
1063 1877 1175 1938 saeculi

166 1960 229 2022 XlV
249 1954 305 2044 (o).
342 1959 473 2021 Contulit
495 1978 563 2022 eum
581 1959 720 2038 precsstus
744 1963 818 2022 meis
838 1961 996 2025 obsecutus
1014 1963 1045 2024 V.
1066 1965 1174 2027 doctis-

167 2053 274 2131 simus,
301 2049 468 2110 Arturius
496 2048 602 2129 blunt,
630 2068 744 2111 summa
771 2069 829 2129 qua
861 2051 926 2112 lieri
958 2060 1057 2130 potest
1093 2073 1174 2136 cura,

165 2148 211 2221 ut,
236 2138 379 2219 quidquid
403 2140 467 2200 eius
491 2139 600 2200 auxilio
627 2139 735 2201 melius
762 2147 849 2219 atque
877 2148 963 2201 antea
986 2141 1173 2204 administra·

165 2230 267 2309 verim,
290 2228 320 2288 id
344 2246 430 2288 omne
454 2230 482 2288 ei
505 2234 658 2305 acceptum
681 2228 802 2289 referas

231 2317 321 2376 T=
344 2316 642 2397 Tegernseensis,
682 2334 761 2377 nunc
797 2316 983 2379 Monacensis
1021 2318 1090 2380 Cod.
1123 2320 1172 2383 lat

166 2403 287 2487 19408,
320 2405 437 2466 saeculo
467 2413 568 2467 octaro
597 2406 738 2485 scriptus,
765 2403 812 2464 vel
838 2408 937 2483 potius
964 2425 1052 2468 nono.
1098 2407 1172 2469 Cum

164 2497 244 2555 enim
262 2497 474 2555 monasterium
493 2492 753 2554 benedictinorum
770 2511 846 2553 anno
861 2495 923 2555 lere
940 2490 1002 2557 746
1017 2514 1045 2573 p.
1060 2495 1127 2557 Chr.
1143 2516 1173 2559 n.

164 2583 316 2643 conditum
346 2600 412 2642 esse
440 2588 556 2643 constet
584 2575 634 2664 (cl.
659 2581 717 2659 Sig.
741 2580 869 2662 Riezler,
900 2581 967 2642 hist.
992 2582 1092 2644 Rarar.
1116 2586 1170 2646 vol

163 2663 284 2753 1112),
307 2669 366 2729 illis
389 2671 463 2748 ipsis
485 2671 544 2729 iam
571 2667 755 2746 temporibus
782 2668 861 2730 hunc
886 2668 995 2731 librum
1019 2681 1171 2734 exaratum

163 2776 229 2820 esse
262 2757 339 2818 baud
371 2757 456 2818 laoile
488 2757 561 2818 mibi
592 2756 766 2836 persuadeo.
810 2756 844 2817 ln
872 2758 930 2819 fine
957 2759 1030 2822 baec
1060 2763 1171 2842 scripta

163 2854 245 2910 sunt:
276 2845 393 2928 „codex
425 2847 573 2926 peccatori
606 2839 673 2928 (sic,
705 2865 765 2907 aon
796 2842 976 2932 peccatoris)
1008 2848 1169 2913 Benedicti.

162 2936 219 2998 Vae
239 2936 312 2996 mihi
334 2938 445 2998 misero
467 2934 588 2996 babenti
611 2927 692 3018 (cod.
719 2929 861 3019 habendi)
890 2940 1069 2998 contrariam
1095 2941 1170 3002 mibi

162 3044 235 3107 rem,
258 3028 309 3106 qui
333 3043 402 3086 rens
425 3042 492 3086 sum
515 3026 547 3084 in
569 3024 616 3085 bis
635 3023 780 3105 omnibus,
804 3026 873 3103 quia
895 3025 1089 3088 adversantur
1107 3048 1168 3090 rno-

161 3114 245 3176 ribus
268 3117 344 3176 meis
367 3114 460 3175 malis
506 3113 550 3174 Tu
573 3130 643 3174 vero
670 3111 817 3173 bonorum
844 3113 1001 3196 lectorum,
1029 3115 1099 3177 dum
1122 3118 1168 3180 his

161 3213 241 3265 tuam
278 3203 388 3264 videris
419 3205 508 3264 vitam
549 3201 728 3262 concordare
764 3205 944 3283 praeceptis,
985 3222 1073 3264 orans
1113 3225 1168 3284 pro

161 3295 307 3372 scriptore
330 3292 462 3354 codicem
485 3289 575 3352 redde
600 3290 718 3350 domino
743 3286 831 3360 suo.“,
860 3290 952 3352 Cuius
971 3292 1168 3356 adnotationis

161 3379 268 3442 litteris
296 3379 459 3442 minoribus
488 3381 616 3459 scriptae
644 3385 677 3440 ut
703 3397 771 3456 pars
801 3381 950 3457 posterior
977 3399 993 3441 a
1022 3383 1167 3454 monacho

161 3470 287 3548 quodam
320 3468 539 3548 improbitatem
576 3485 660 3528 suam
701 3476 856 3529 accusante
895 3468 993 3530 addita
1030 3479 1089 3552 est,
1126 3475 1167 3533 ita

159 3560 255 3636 prima
282 3557 371 3618 rerba
399 3551 506 3641 (codex
533 3557 682 3636 peccatori
710 3550 876 3640 Benedicti)
906 3575 941 3618 ex
967 3559 1068 3621 codice
1092 3563 1166 3621 anti-

974 3661 1009 3712 a*
