2684 3924
511 204 723 264 PRAEFATIO.
1057 207 1121 262 XIII

109 360 206 416 aetate
230 353 388 414 verborum
411 352 570 414 latinorum
589 353 700 414 formae
720 354 899 415 desciverint
921 354 957 415 ab
977 355 1121 434 elegantia

110 444 265 506 Ciceronis
288 450 319 504 et
342 460 430 521 quam
452 459 545 522 prope
569 445 750 503 accesserint
772 443 809 503 ad
832 461 934 504 earum
952 443 1120 522 linguarum

109 531 250 611 indolem,
274 550 331 611 qua
354 530 442 592 hodie
466 537 590 592 utuntur
608 529 682 612 ltali,
705 531 896 613 Francogalli,
919 531 1051 612 Hispani.
1082 533 1121 593 Et

110 639 178 683 cum
206 620 293 681 aliam
321 621 466 680 rationem
498 621 583 698 sequi
610 618 697 680 liccat
730 620 881 702 theologo,
913 621 999 682 aliam
1025 622 1119 701 pbilo-

110 710 187 790 logo,
205 709 293 770 nobis
307 716 388 769 certe
409 727 442 769 ea
462 707 549 769 detur
566 709 660 787 venia,
678 716 712 769 ut
730 710 871 789 quicquid
890 709 926 770 ad
941 728 1120 788 cognoscen-

110 799 179 860 dam
197 799 314 876 linguae
333 797 441 858 latinae
460 797 614 857 historiam
633 797 709 857 disci
731 801 834 877 possit,
856 798 886 858 id
910 800 941 859 iu
960 801 1120 878 praecipuo

110 887 194 950 lucro
218 904 371 967 ponamus
408 885 591 964 Quamquam
609 904 669 946 non
687 888 855 966 negaverim
872 886 982 947 nullam
1001 890 1120 948 omnino

110 976 270 1038 lectionem
289 977 397 1036 ceteris
416 974 639 1054 praeferendam
663 977 694 1034 in
714 975 815 1036 codice
834 971 858 1034 Τ
877 983 1022 1037 servatam
1041 994 1120 1058 esse,

110 1067 178 1126 sieri
200 1066 279 1124 euim
302 1070 401 1143 potest
423 1071 457 1124 ut
480 1070 510 1123 et
532 1061 671 1124 librarius
695 1063 805 1124 codicis
824 1063 1001 1125 Oxoniensis
1020 1065 1120 1145 lapsus

110 1156 149 1215 sit
174 1161 205 1214 et
227 1151 439 1232 sangallensis,
466 1150 590 1212 sortasse
621 1154 710 1212 etiam
734 1155 862 1232 scriptor
884 1153 994 1214 codicis
1018 1154 1119 1214 arche-

109 1243 181 1324 typi,
204 1260 241 1302 ex
265 1258 323 1320 quo
347 1239 390 1300 illi
418 1242 503 1320 quasi
530 1239 610 1302 sonte
641 1249 841 1303 manaverunt.
887 1240 920 1302 ln
948 1244 1119 1303 universum

108 1339 208 1392 tamen
240 1331 364 1408 vestigia
397 1329 538 1390 editionis
569 1331 714 1410 principis
746 1329 903 1409 relegenda
934 1330 1021 1391 nobis
1054 1349 1119 1391 esse

109 1421 286 1500 putavimus.

175 1507 237 1568 lam
265 1508 375 1567 reiecta
405 1505 618 1585 disceptatione
647 1507 682 1567 ad
711 1507 843 1568 codicem
866 1506 1064 1568 (laoniensem
1090 1515 1121 1567 et

111 1595 333 1676 Sangallensem
358 1595 438 1655 hunc
465 1594 501 1655 ab
528 1595 646 1656 bomine
678 1595 796 1674 linguae
828 1594 934 1656 latinae
962 1595 1119 1656 admodum

109 1688 206 1766 perito
231 1691 383 1745 exaratum
406 1701 472 1744 esse
496 1691 630 1764 apparet,
658 1686 722 1764 qui,
747 1685 1002 1764 quotienscunque
1025 1683 1119 1744 Bene-

110 1774 222 1835 dictum
250 1789 390 1854 peccasse
418 1770 476 1832 sibi
503 1771 710 1851 persuaderet,
740 1772 881 1833 mendum
910 1772 1014 1834 tollere
1041 1772 1119 1834 haud

109 1862 266 1923 dubitaret.
303 1861 345 1922 ct
372 1861 399 1940 l,
415 1857 456 1920 12
480 1858 673 1921 deterrimum
697 1854 766 1943 (pro
790 1856 1008 1945 teterrimum),
1035 1862 1062 1939 1,
1079 1859 1120 1923 15

109 1954 274 2012 servientes
298 1945 367 2034 (pro
391 1943 558 2032 servantes)
577 1949 704 2031 saeculo,
728 1947 758 2031 2,
772 1947 824 2013 24.
839 1949 881 2014 68
901 1953 1032 2030 suscepit
1051 1944 1120 2034 (pro

109 2039 224 2118 vulgari
246 2041 371 2120 perlecti
394 2037 489 2098 forma
512 2033 687 2121 suscipit),
709 2034 740 2120 4,
754 2037 797 2100 52
819 2057 934 2101 merces
968 2059 1024 2119 pro
1043 2058 1120 2100 mer-

109 2121 178 2211 cis),
202 2126 231 2207 l,
249 2125 290 2188 27
310 2129 342 2187 iu
365 2127 529 2205 gebennam
552 2127 685 2188 incidere
709 2121 778 2211 (pro
798 2129 988 2208 gebennam,
1013 2129 1041 2211 t,
1059 2126 1121 2191 150

109 2215 223 2276 caelum
242 2209 311 2298 (pro
331 2209 452 2298 caelos),
479 2215 529 2295 11,
543 2213 585 2277 28
605 2215 791 2294 neglegentia
810 2211 1017 2301 (neglectum),
1036 2215 1119 2299 24,5

108 2304 213 2383 pendit
236 2297 305 2386 (pro
327 2298 461 2386 pendat),
482 2299 536 2386 43,
553 2302 592 2366 17
618 2304 702 2364 sedet
724 2298 793 2387 (pro
812 2300 913 2388 sedit),
937 2305 1046 2387 63,13
1070 2327 1119 2368 ex·

109 2394 204 2472 ceptis
227 2392 283 2472 his,
306 2389 358 2472 69,
373 2389 402 2452 3.

177 2480 286 2542 Contra
308 2479 461 2540 librarium
484 2480 685 2542 (laoniensem
711 2483 768 2542 etsi
794 2499 881 2562 saepe
909 2486 970 2544 sive
1001 2486 1119 2545 inscitia

110 2571 173 2631 sive
200 2587 255 2650 per
281 2569 447 2630 socordiam
470 2588 608 2648 peccasse
635 2569 820 2648 largiendum
852 2578 911 2652 est,
938 2580 1119 2634 nontamen

109 2657 266 2738 abreptum
289 2674 355 2717 esse
378 2655 510 2718 lubidine
534 2659 702 2737 corrigendi
720 2677 774 2738 pro
794 2665 875 2720 certo
894 2660 1119 2743 adfirmaverim,

110 2749 220 2827 itaque,
243 2753 277 2806 ut
299 2746 392 2806 codex
411 2763 513 2806 omues
537 2752 630 2806 aetate
653 2753 783 2828 superat,
805 2750 847 2808 ita
870 2748 977 2827 diguus
1000 2768 1118 2829 quoque

109 2843 169 2916 est,
197 2837 250 2914 qui
277 2836 308 2894 iu
336 2834 516 2895 recensenda
539 2833 649 2914 Regula
676 2853 730 2914 pro
758 2835 955 2898 lundameudo
983 2846 1118 2918 ponatur.

110 2923 189 2985 Num
209 2926 240 2984 in
259 2930 341 2983 tauto
360 2923 440 2984 velut
457 2941 598 3002 aquarum
617 2923 709 2984 lluctu
732 2925 843 2986 iustum
862 2942 980 3004 semper
998 2945 1117 2989 cursum

109 3014 267 3092 muuerim,
286 3011 411 3072 aliomm
429 3013 487 3072 erit
504 3012 622 3094 iudicii,
641 3014 750 3092 quippe
768 3016 801 3073 iu
813 3021 988 3094 tempestate
1002 3034 1039 3076 ne
1055 3025 1118 3077 arte

112 3100 234 3180 quidem
256 3099 462 3178 gubernatoris
486 3099 564 3160 salus
587 3109 716 3180 paratur.
760 3101 840 3162 Adeo
864 3121 951 3182 saepe
975 3105 1118 3165 fluctuant

110 3189 230 3250 codices
253 3191 429 3268 praesertim
457 3190 535 3249 inter
562 3192 721 3249 accusativi
744 3189 852 3251 formas
877 3199 907 3252 et
931 3191 1061 3272 ablativi,
1085 3202 1118 3254 ut

109 3277 189 3337 unde
217 3275 355 3336 standum
382 3277 421 3336 sit
448 3279 479 3336 in
508 3279 622 3338 incerto
650 3276 843 3357 relinquatur.
889 3279 961 3339 Nam
991 3280 1028 3340 de
1051 3283 1116 3362 ipso

109 3372 240 3445 auctore,
276 3371 418 3442 quantum
450 3363 557 3426 litteris
589 3365 688 3426 latinis
720 3366 811 3428 luerit
842 3368 976 3429 eruditus
1012 3387 1116 3448 parum

110 3459 240 3532 constat,
269 3451 393 3513 Nursiae
416 3461 518 3514 natum
540 3461 570 3515 et
591 3453 731 3514 liberiore
754 3474 862 3535 genere
886 3462 1020 3517 exortum
1044 3457 1117 3519 libe-

108 3541 218 3602 ralium
240 3539 406 3602 litterarum
430 3541 537 3602 studiis
560 3542 700 3603 traditum
728 3561 794 3604 esse
822 3544 982 3622 Gregorius
1005 3564 1116 3607 memo·
