2684 3924
204 202 244 267 18
628 201 707 258 ΟΑΡ.
721 203 781 258 vn.

203 353 317 434 cidunt,
347 359 377 414 et
405 355 493 412 vitam
523 358 674 412 aeternam
701 370 776 430 quae
803 351 978 413 timentibus
1006 351 1100 412 Deum
1127 371 1213 432 prae-

201 449 303 522 parata
326 447 379 522 est,
402 443 499 501 animo
524 459 576 501 suo
601 459 718 520 semper
741 440 877 502 revolvat.

162 545 189 584 ao
269 531 306 590 Et
329 529 498 591 custodiens
521 547 553 589 se
576 531 658 590 omni
679 529 752 590 hora
775 548 791 590 a
813 531 943 609 peccatis
967 537 996 590 et
1016 531 1097 590 vitiis
1116 530 1146 590 id
1166 538 1214 592 est

203 621 422 700 cogitationum,
441 617 567 700 linguae,
585 617 747 698 oculorum,
761 637 911 699 manuum,
926 619 1035 698 pedum
1049 618 1096 678 rel
1109 617 1212 679 volun-

201 716 276 769 tates
304 709 453 788 proprias,
481 707 533 766 sed
561 713 591 767 et
614 707 761 767 desideria
785 708 883 768 carnis
907 714 1059 786 amputare
1082 708 1214 789 festinet,

202 803 233 857 et
253 798 390 856 aestimet
413 814 445 856 se
468 796 556 856 homo
580 796 615 856 de
640 795 729 856 caelis
748 814 764 856 a
783 794 843 856 Deo
862 813 980 875 semper
998 798 1110 875 respici
1129 799 1210 857 omni

201 884 282 966 hora,
305 892 334 945 et
357 885 431 945 iacta
456 902 508 944 sua
531 887 613 944 omni
635 883 700 946 loco
723 883 760 945 ab
783 891 905 963 aspectu
923 883 1093 945 Divinitatis
1116 885 1212 946 videri

160 987 187 1027 ro
201 981 230 1034 et
248 972 284 1034 ab
304 972 416 1052 angelis
436 975 517 1033 omni
534 973 607 1034 bora
621 975 795 1054 renuntiari,
814 969 1038 1034 *demonstrans
1053 973 1211 1035 nobishoc

200 1062 344 1141 propheta
371 1080 440 1122 oum
466 1063 498 1122 in
527 1060 754 1140 cogitationibus
778 1063 888 1122 nostris
912 1061 1068 1122 italicum
1092 1081 1212 1142 semper

199 1157 387 1230 praesentem
406 1149 535 1210 ostendit
553 1150 668 1211 diceus:
688 1147 842 1211 ‘Scrutaris
857 1151 945 1211 corda
959 1157 989 1212 et
1003 1169 1090 1211 renes
1105 1146 1212 1232 Deus';

200 1245 230 1300 et
244 1242 365 1301 iterum:
385 1234 539 1299 ‘Dominus
554 1241 635 1298 novit
650 1241 843 1318 cogitationes
857 1233 1022 1300 bominum'
1030 1261 1037 1320 3
1057 1241 1209 1300 etiterum

200 1328 284 1389 dicit:
317 1325 504 1389 ‘Intellexisti
531 1329 724 1406 cogitationes
752 1346 832 1388 meas
860 1347 877 1388 a
904 1322 1002 1407 longe'
1008 1350 1016 1408 3
1048 1335 1091 1388 et:
1123 1322 1210 1400 ‘Quia

159 1433 185 1470 40
200 1419 337 1496 cogitatio
363 1417 492 1477 bominis
516 1415 705 1477 confitebitur
728 1411 802 1477 tibi'
848 1415 921 1477 Nam
945 1424 978 1478 ut
1002 1416 1146 1477 sollicitus
1170 1420 1210 1478 sit

199 1509 277 1567 circa
297 1509 490 1585 cogitationes
509 1524 577 1566 suas
595 1523 760 1586 perversas,
783 1505 861 1566 dicat
880 1523 998 1584 semper
1016 1504 1098 1566 utilis
1117 1505 1212 1567 irater

199 1597 230 1655 in
255 1596 343 1656 corde
368 1613 434 1656 suo:
457 1595 540 1655 Tunc
563 1611 614 1655 ero
638 1593 843 1655 immaculatus
867 1611 965 1655 coram
989 1610 1033 1674 eo,
1057 1596 1084 1653 si
1107 1593 1209 1655 obser·

198 1701 303 1744 vavero
327 1702 374 1744 me
398 1683 433 1744 ab
457 1686 601 1762 inquitate
624 1702 698 1744 mea.

264 1771 449 1849 Voluntatem
472 1790 542 1832 vero
565 1775 716 1852 propriam
738 1774 779 1832 ita
802 1771 898 1832 iacere
915 1769 1116 1852 prohibemur,
1140 1789 1210 1831 cum

157 1872 184 1911 4⁵
198 1858 271 1920 dicit
290 1859 442 1938 Scriptura
465 1859 565 1921 nobis:
589 1857 637 1920 ‘Et
660 1880 677 1921 a
699 1858 898 1921 voluntatibus
917 1862 977 1920 tuis
996 1853 1154 1939 avertere'3
1178 1867 1208 1920 et

198 1951 270 2009 item
292 1965 430 2026 rogamus
449 1947 542 2008 Deum
565 1951 596 2009 in
620 1951 762 2030 oratione,
785 1957 819 2010 ut
841 1949 892 2009 iiat
915 1948 995 2009 iliius
1019 1947 1153 2008 voluntas
1176 1950 1208 2008 in

126 2053 131 2064 ’
198 2035 291 2097 uobis.
337 2036 483 2096 Docemur
511 2054 580 2114 ergo
609 2039 714 2096 merito
742 2045 876 2098 nostram
901 2037 1081 2097 nonfacere
1104 2036 1207 2097 volun-

197 2132 301 2206 tatem,
333 2143 401 2185 oum
433 2141 570 2184 cavemus
600 2122 672 2184 iilud
704 2124 782 2202 quod
810 2124 884 2185 dicit
911 2131 1011 2185 sancta
1040 2124 1208 2204 Scriptura:

198 2210 285 2274 ‘Sunt
313 2215 376 2274 viae
405 2230 479 2292 quae
506 2218 648 2291 putantur
675 2211 711 2273 ab
739 2211 908 2272 bominibus
937 2219 1051 2292 rectae,
1082 2231 1207 2292 quarum

157 2316 183 2356 eo
197 2303 265 2363 finis
288 2320 382 2381 usque
406 2301 441 2361 ad
465 2301 644 2380 profundum
667 2301 777 2361 inferni
800 2295 956 2379 demergit'
961 2320 969 2381 3
993 2307 1023 2360 et
1046 2319 1113 2360 cum
1134 2303 1206 2362 item

197 2409 334 2451 cavemus
353 2388 425 2450 iilud
445 2388 523 2469 quod
543 2389 578 2450 de
598 2388 823 2469 neglegentibus
842 2389 1031 2450 dictumest:
1056 2385 1208 2469 ‘Corrupti

188 2486 266 2562 'sunt
289 2487 319 2540 et
342 2468 573 2540 abhominabiles
597 2479 666 2539 iacti
689 2486 758 2539 sunt
780 2480 812 2538 in
834 2475 1034 2540 voluntatibus
1058 2473 1143 2540 suis'

262 2567 296 2628 ln
328 2567 485 2629 desideriis
517 2585 587 2628 vero
611 2570 708 2628 carnis
741 2570 781 2628 ita
813 2567 899 2628 nobis
927 2566 1021 2628 Deum
1051 2567 1209 2630 credamus

197 2675 315 2736 semper
334 2661 398 2718 esse
418 2663 614 2739 praesentem,
633 2675 700 2718 cum
718 2655 790 2717 dicit
806 2655 950 2736 propheta
963 2656 1101 2718 Domino:
1121 2652 1207 2718 ‘Ante

267 2849 301 2897 29
319 2844 445 2898 revolvat
460 2844 510 2900 OS
526 2846 582 2915 (sed
595 2846 627 2899 in
640 2845 663 2900 S
678 2861 708 2899 re
722 2845 864 2914 natumst
891 2844 1001 2899 evolvat
1016 2846 1042 2898 Τ
1094 2851 1126 2898 31
1142 2861 1207 2898 ocn-

195 2913 286 2968 lorum
303 2931 352 2969 om.
370 2915 402 2980 Τ,
420 2917 467 2970 sed
484 2933 543 2985 sup.
562 2933 697 2970 manuum
710 2917 871 2972 vocabulum
884 2933 991 2970 aarum
1046 2914 1206 2969 voluntates

194 2985 438 3111 {trinit
456 2985 894 3113 iims‘ssubbm‘bsididii
912 2985 1013 3125 idaia
1046 2992 1207 3111 {biiii

195 3145 245 3182 om.
267 3128 293 3181 Τ
317 3128 348 3182 in
367 3127 505 3182 Sensuro
576 3135 611 3183 34
629 3128 659 3182 in
678 3131 752 3198 (ante
769 3127 845 3182 omni
862 3127 934 3196 loco)
953 3129 984 3180 in
1002 3127 1024 3182 S
1041 3145 1147 3182 mosum

195 3203 229 3252 38
248 3198 351 3252 iterum
371 3197 422 3254 OS
457 3198 527 3253 item
546 3200 572 3252 Τ
639 3199 743 3253 iterum
763 3199 786 3254 0
803 3199 877 3254 etin
894 3198 1040 3254 Securum
1075 3198 1144 3252 item
1165 3200 1206 3254 Ts

266 3276 300 3323 45
320 3272 414 3324 averte
429 3269 479 3324 OS
513 3272 683 3325 averterer
707 3272 808 3325 Ecolis.
822 3274 869 3336 18,
879 3273 915 3324 30
986 3276 1021 3324 48
1040 3272 1138 3324 sancta
1154 3286 1205 3325 om.

197 3340 223 3394 Τ
292 3347 327 3395 49
346 3343 481 3411 putantur
506 3341 529 3396 0
559 3359 660 3397 rasura
682 3341 759 3396 inS
792 3339 922 3394 videntur
947 3341 977 3396 Τ.
1016 3341 1057 3407 Cf.
1077 3342 1205 3396 Prooerb.

195 3414 287 3478 14,12
363 3418 397 3466 50
417 3411 548 3482 dimergit
568 3414 594 3467 Τ
668 3419 700 3467 51
720 3429 848 3466 cavemus
874 3412 953 3468 OST
969 3429 1037 3468 corr.
1073 3429 1206 3482 pavemus

194 3482 348 3608 thswarr'T
405 3489 448 3562 Ι52
467 3483 658 3538 voluntatibus
684 3484 733 3539 OS
767 3483 868 3538 studiis
887 3485 1073 3552 Psalm.13,1
1110 3484 1208 3554 volup·

208 3570 249 3607 er
269 3562 302 3607 u‘s
350 3571 364 3609 a
