2684 3924
191 200 234 264 36
550 197 625 254 CAP.
640 197 738 252 XXIX.
757 197 842 254 XXX.

154 362 180 402 ιο
193 349 369 429 divinarum,
392 350 418 408 si
441 347 478 408 ad
500 346 639 408 ultimum
662 349 810 407 ustionem
829 349 1143 408 excommunicationis
1160 348 1209 409 vel

193 436 345 517 plagarum
365 438 464 515 virgae
483 438 582 516 etiam,
606 468 647 478 -
672 437 699 495 si
716 434 825 496 viderit
843 434 918 496 nihil
937 454 1020 497 suam
1039 435 1208 515 praevalere

193 526 379 606 iudustriam,
398 524 534 586 adhibeat
549 526 647 604 etiam,
662 523 740 602 quod
754 525 850 584 mains
865 531 919 606 est,
935 542 1017 585 suam
1032 532 1062 584 et
1077 527 1210 586 omnium

193 615 318 675 fratrum
346 632 400 694 pro
429 631 464 672 eo
494 615 671 694 orationem,
699 619 731 672 ut
758 612 914 693 DomiuuS,
943 616 994 692 qui
1022 616 1209 692 omnipotens

194 711 248 783 est,
267 709 408 782 operetur
426 700 552 763 salutem
571 704 650 762 circa
669 701 821 762 infirmum
839 701 970 762 fratrem.
1007 701 1091 773 Quod
1111 703 1137 762 si
1153 721 1209 764 nec

155 805 180 846 rs
194 793 251 851 isto
275 790 362 851 modo
386 798 506 852 sanatus
530 765 628 872 suirit,
652 796 723 850 tunc
741 791 800 850 iam
818 797 918 851 utatur
936 789 1026 851 abbas
1044 791 1124 851 ferro
1144 790 1209 852 abs-

194 881 328 960 cisionis,
360 887 393 940 ut
421 881 463 941 ait
491 878 655 958 apostolus:
683 875 814 939 ‘Auferte
844 878 953 940 malum
982 898 1017 939 ex
1044 875 1153 959 vobis',
1181 887 1211 941 et

195 969 317 1028 iterum:
336 964 479 1028 ‘lnfidelis
498 969 524 1028 si
543 967 679 1047 discedit,
699 963 851 1048 discedat’,
869 985 907 1028 ne
926 985 983 1029 uua
999 970 1062 1028 ovis
1076 967 1209 1028 morbida

194 1074 313 1116 omnem
335 1074 456 1135 gregem
479 1058 640 1134 contagiet.

220 1279 337 1335 XXIX.
364 1279 407 1335 SI
421 1278 625 1333 DEBEANT
641 1278 811 1334 ITERUM
827 1278 972 1334 REOIPI
986 1278 1178 1334 FRATRES

401 1365 627 1424 EXEUNTES
646 1365 708 1420 DE
725 1366 1000 1424 MONASTEEIO.

260 1499 364 1560 Frater
385 1502 436 1579 qni
454 1501 575 1580 proprio
593 1501 664 1560 vitio
684 1498 836 1577 egreditur
855 1506 905 1559 aut
923 1501 1070 1579 proicitur
1088 1498 1124 1558 de
1143 1516 1206 1558 mo-

195 1592 333 1668 nasterio,
357 1591 383 1649 si
405 1591 515 1650 reverti
537 1587 672 1667 voluerit,
697 1586 839 1666 spondeat
861 1589 945 1666 prius
969 1605 1087 1648 omnem
1106 1605 1209 1648 emen-

169 1677 343 1738 ouationem
370 1679 435 1738 vitii
458 1696 513 1758 pro
537 1695 595 1756 quo
618 1694 757 1755 egressus
780 1683 838 1757 est;
867 1678 910 1737 sic
933 1678 964 1736 in
986 1675 1090 1737 ultimo
1114 1675 1208 1754 gradu

195 1767 368 1845 recipiatur,
396 1772 429 1826 ut
456 1785 492 1826 ex
515 1766 571 1827 hoc
594 1767 659 1826 eius
682 1764 833 1826 humilitas
856 1764 1074 1844 comprobetur.
1120 1763 1204 1836 Quod

196 1855 222 1914 si
249 1853 345 1913 denuo
373 1855 492 1934 exierit,
520 1871 615 1932 usque
643 1856 731 1914 tertio
759 1856 799 1913 ita
827 1854 988 1932 recipiatur
1015 1855 1073 1913 iam
1099 1861 1203 1932 postea

196 1943 293 2003 sciens
317 1958 434 2002 omnem
458 1941 516 2002 sibi
539 1944 717 2002 reversionis
741 1942 853 2003 aditum
876 1941 1023 2022 denegari.

232 2164 332 2220 XXX.
359 2163 421 2220 DE
438 2162 590 2218 PUERIS
606 2162 766 2219 MINORI
780 2164 949 2219 AETATE
967 2164 1176 2234 QUALITER

545 2251 860 2308 OORRIPIANTUR.

264 2383 367 2445 Omnis
389 2391 468 2444 aetas
486 2382 533 2443 vel
551 2383 718 2445 intellectus
737 2386 872 2463 proprias
892 2383 980 2446 debet
999 2385 1108 2447 habere
1129 2404 1209 2447 men·

199 2491 298 2555 suras,
317 2473 442 2551 ideoque
461 2475 598 2551 quotiens
616 2475 703 2552 pueri
720 2471 767 2533 vel
785 2471 1031 2536 aduliscentiores
1050 2483 1146 2537 aetate
1161 2482 1212 2536 aut

96 2575 99 2586 ’
172 2577 184 2616 ⁵
200 2564 249 2642 qui
269 2564 367 2624 minus
386 2560 557 2640 intellegere
571 2569 705 2643 possunt,
725 2568 832 2640 quanta
846 2579 941 2640 poena
956 2565 994 2623 sit
1010 2565 1212 2625 excommuni-

198 2654 333 2733 cationis,
355 2683 397 2693 -
421 2645 470 2711 *hi
492 2649 575 2731 tales,
597 2650 668 2711 dum
692 2650 875 2731 delinquunt,
898 2658 950 2712 aut
970 2653 1091 2712 ieiuniis
1111 2655 1211 2713 nimiis

199 2739 375 2818 adfligentur
397 2747 448 2800 aut
474 2741 550 2799 acris
573 2738 747 2800 verberibus
772 2747 976 2820 coerceantur,
1004 2748 1038 2801 ut
1061 2749 1211 2802 sanentur.

273 2925 467 2980 munionem
487 2926 513 2980 T
547 2925 705 2981 ...ionem
731 2927 820 2981 tribua
847 2927 943 2982 litteris
965 2924 1091 2980 macies
1128 2925 1212 2980 ultio·

199 3010 264 3050 nem
284 2995 307 3050 0
329 3003 487 3066 corruptum
507 3013 540 3052 ec
558 2995 689 3050 ultimum
779 3003 811 3051 11
830 2997 878 3066 pla
899 3013 929 3050 as
947 2995 1089 3066 virgarum
1107 3003 1118 3052 t
1152 2995 1213 3066 pla-

200 3083 300 3138 garum
317 3066 459 3137 virgarum
475 3066 511 3121 H
589 3073 621 3121 13
641 3066 735 3121 omnia
752 3071 846 3137 potest
889 3074 900 3122 t
981 3073 1013 3120 15
1033 3066 1213 3122 abscissionis

200 3155 265 3194 rece.
304 3138 345 3206 Os.
365 3139 447 3193 Areo.
463 3138 489 3192 V
501 3141 553 3193 531
628 3143 660 3192 18
680 3138 834 3210 contagiet]
852 3137 898 3192 vel
916 3137 1089 3192 contaminet
1106 3146 1118 3194 t

272 3209 358 3265 XXIX
377 3214 393 3262 3
413 3211 464 3263 aut
484 3209 619 3279 proicitur
639 3208 701 3264 ΟΠ
734 3207 959 3291 αιιριρτοίοίαὲιιτ
979 3208 1015 3263 0¹
1033 3226 1134 3265 rasura
1151 3212 1213 3266 toti·
1327 3257 1328 3260 ,

202 3278 261 3335 dem
280 3281 432 3336 litterarum
449 3281 481 3334 ie
499 3279 521 3335 S
546 3296 596 3335 om.
618 3280 644 3334 T
713 3282 810 3334 tritu
831 3278 893 3334 ΟΠ
912 3281 944 3335 e'e
962 3279 984 3336 S
999 3296 1100 3336 rasura
1119 3298 1169 3336 om.
1191 3283 1216 3335 T
1327 3329 1328 3333 ,

272 3351 313 3404 sic
334 3351 384 3407 OS
417 3351 505 3405 etsie
526 3351 608 3407 TeH

272 3423 347 3478 XXX
365 3427 381 3477 6
401 3421 442 3476 hii
460 3421 513 3478 ST
583 3425 634 3477 aut
651 3420 743 3478 συιδ
813 3422 960 3478 tacribus
978 3439 1043 3478 rece.
