2684 3924
540 215 615 272 OAP.
630 216 753 272 XXVIII.
1109 217 1151 282 35

141 360 242 426 tibus’
283 363 321 425 Et
344 364 411 424 ideo
435 366 479 425 uti
501 363 590 425 debet
613 365 798 425 omnimodo
818 373 850 426 ut
869 367 986 444 sapiens
1005 365 1151 427 medicus:
1179 381 1191 421 ⁵

142 455 292 514 inmittere
321 451 420 532 [quasi
448 453 578 515 occultos
607 453 819 532 consolatores]
849 461 1016 535 senpectas,
1049 453 1079 515 id
1107 461 1153 515 est

142 545 275 603 seniores
308 543 455 620 sapientes
488 543 594 603 fratres
627 543 677 621 qui
707 545 792 621 quasi
820 550 934 603 secreto
962 542 1153 603 consolentur

141 631 262 691 lratrem
277 630 468 691 fluctuantem
480 638 510 692 et
519 637 680 710 provocent
691 631 726 690 ad
736 631 910 692 humilitatis
921 632 1151 692 satisfactionem

142 726 173 779 et
191 718 382 780 consolentur
395 737 473 800 eum,
491 715 540 780 ‘ne
554 718 788 780 habundantiore
803 722 923 781 tristitia
938 716 1151 801 absorbeatnr',

141 808 207 888 sed,
234 809 311 868 sicut
333 809 374 867 ait
396 808 475 868 idem
498 807 661 888 apostolus,
684 803 887 868 ‘confirmetur
909 811 940 868 in
964 827 999 870 eo
1023 805 1192 890 caritas',10

143 901 173 956 et
192 903 294 956 oretur
311 913 365 974 pro
384 915 419 956 eo
438 896 474 957 ab
494 896 639 957 omnibus
676 896 852 976 Magnopere
871 899 950 958 enim
968 897 1057 958 debet
1071 896 1151 958 solli-

142 984 303 1045 citudinem
336 1003 439 1064 gerere
472 984 561 1046 abbas
594 992 623 1045 et
656 987 736 1045 omni
763 987 920 1064 sagacitate
949 993 979 1046 et
1005 986 1152 1046 industria

144 1091 274 1154 currere,
292 1091 329 1133 ne
348 1073 475 1152 aliquam
494 1073 531 1134 de
551 1073 654 1134 ovibus
674 1073 731 1134 sibi
745 1074 868 1135 creditis
882 1075 993 1153 perdat.
1030 1075 1151 1136 Noverit

142 1164 222 1222 enim
242 1179 273 1222 se
292 1162 477 1222 infirmarum
495 1179 596 1222 curam
616 1165 783 1241 suscepisse
798 1165 969 1243 animarum,
988 1181 1047 1223 non
1062 1182 1151 1243 snper

142 1268 227 1311 sanas
246 1251 445 1332 tyrannidem3
464 1257 493 1311 et
511 1258 623 1311 metuat
640 1251 800 1331 prophetae
820 1254 1078 1312 comminationem
1096 1271 1150 1331 por
1167 1267 1190 1308 ιε

142 1357 230 1417 quam
249 1339 321 1400 dicit
339 1338 431 1400 Deus:
456 1335 553 1410 ‘Quod
570 1357 704 1400 crassum
723 1339 876 1420 videbatis,
895 1339 1103 1420 adsumebatis,
1122 1348 1151 1400 et

140 1427 218 1505 quod
243 1427 339 1488 debile
363 1434 435 1508 erat,
457 1424 673 1508 proiciebatis’3
698 1435 727 1488 et
749 1430 876 1507 pastoris
894 1427 966 1487 boni
984 1430 1066 1507 pium
1085 1430 1150 1487 imi-

138 1523 218 1576 tetur
246 1516 427 1597 exemplum,
456 1518 507 1594 qui
534 1515 647 1576 relictis
670 1515 797 1576 XGVllll
819 1515 923 1576 ovibus
946 1518 978 1575 in
1001 1515 1151 1577 montibus

140 1603 213 1664 abiit
233 1623 322 1665 unam
341 1622 425 1665 ovem
444 1620 519 1683 quae
538 1612 688 1665 erraverat
707 1621 859 1685 quaerere,
882 1605 967 1664 cuius
986 1605 1151 1665 infirmitati

139 1694 170 1752 in
197 1699 311 1753 tantum
339 1710 501 1771 conpassus
529 1699 587 1773 est,
618 1699 651 1752 ut
678 1710 742 1752 eam
769 1694 800 1751 in
828 1694 921 1753 sacris
947 1695 1059 1754 umeris
1087 1695 1149 1754 suis
1164 1711 1189 1750 so

140 1779 314 1858 dignaretur
336 1783 479 1859 inponere
504 1787 533 1840 et
556 1782 600 1840 sic
622 1787 775 1859 reportare
798 1780 834 1840 ad
858 1798 985 1859 gregem.

232 1967 381 2023 XXVIII.
409 1967 471 2021 DE
486 1967 559 2022 HIS
577 1967 650 2038 QUI
663 1967 836 2024 SAEPIUS
854 1968 1059 2026 CORREPTI

381 2056 626 2112 EMENDARE
641 2056 903 2113 NOLUERUNI'.

206 2170 238 2232 st
261 2171 327 2249 quis
350 2169 442 2229 frater
465 2169 637 2248 frequenter
656 2177 810 2249 correptus
829 2189 884 2250 pro
904 2169 1034 2250 qualibet
1053 2170 1148 2251 culpa,

138 2261 164 2320 si
188 2262 277 2320 etiam
300 2260 571 2320 excommunicatus
594 2275 655 2318 non
672 2259 882 2340 emendaverit,
904 2262 1001 2320 acrior
1019 2261 1047 2320 ei
1066 2278 1148 2320 acce-

138 2349 188 2409 dat
214 2349 376 2428 correptio,
403 2347 433 2407 id
462 2354 562 2408 estut
585 2346 741 2408 verberum
764 2348 910 2408 vindictae
934 2351 965 2408 in
988 2366 1055 2408 eum
1079 2367 1146 2428 pro·
1175 2365 1188 2404 a

139 2436 252 2498 cedant.
297 2434 381 2507 Quod
405 2437 432 2495 si
454 2453 510 2496 nec
532 2438 574 2496 ita
597 2437 761 2496 correxerit
784 2443 834 2496 aut
857 2436 942 2517 forte,
965 2437 1043 2514 quod
1062 2436 1147 2517 absit,

138 2527 168 2586 in
197 2523 367 2603 superbiam
393 2522 486 2583 elatus
515 2526 603 2584 etiam
630 2523 789 2584 delendere
817 2523 943 2584 voluerit
971 2542 1059 2603 opera
1086 2543 1148 2605 sua,

138 2621 210 2674 tunc
224 2611 314 2673 abbas
328 2613 415 2671 iaciat
430 2611 506 2688 quod
523 2613 641 2690 sapiens
655 2612 801 2672 medicus:
822 2614 848 2672 si
862 2610 996 2672 exhibuit
1011 2613 1147 2694 fomenta,

138 2705 164 2762 si
192 2706 342 2779 unguenta
369 2697 619 2780 adhortationum,
652 2702 678 2760 si
704 2699 900 2760 medicamina
928 2700 1147 2780 Scripturarum

136 2840 348 2852 ‚—„.-—.

208 2921 325 2992 tquosi
352 2938 376 2976 o.
400 2921 588 2976 consolatores
610 2921 696 2978 OSH
716 2939 765 2978 om.
787 2924 813 2978 Τ
882 2927 1027 2994 senpectas
1061 2925 1148 2981 idest

137 2995 323 3065 sympaectas)
348 2993 470 3049 OSTH.
508 2993 550 3061 Os.
569 2995 660 3063 praef.
676 3011 722 3064 pq.
738 2995 790 3048 XI
875 3001 890 3048 7
914 2999 1020 3050 secreto
1043 2927 1079 3052 It
1106 2999 1147 3067 (ut

136 3067 220 3136 23,6)
256 3067 362 3118 secrete
382 3064 475 3120 OI'H
561 3065 795 3120 sabundantiori
815 3066 841 3118 Τ
856 3067 896 3120 ΙΙ
901 3067 1020 3122 Corinth.
1030 3070 1086 3133 2,7

137 3135 320 3191 obsorbeotur
341 3137 365 3190 Τ
450 3141 483 3189 13
502 3151 611 3190 currere
631 3135 687 3190 OT
703 3139 744 3207 (ot
761 3138 839 3191 conis
852 3139 1012 3207 postoralid
1050 3152 1146 3192 curare

137 3207 190 3262 ST
205 3223 273 3262 corr.
292 3207 327 3260 H
396 3211 429 3260 15
449 3207 579 3260 adsumet
597 3209 671 3276 (poet
688 3206 876 3278 tyrannidem)
895 3210 958 3262 odd.
977 3207 1040 3262 80ι

208 3277 319 3334 XXVIII
338 3283 353 3331 1
371 3275 420 3329 DE
438 3277 553 3332 Ruso
587 3277 737 3333 DENISS
789 3277 1035 3333 unumunurn
1053 3278 1105 3333 ST

137 3353 152 3402 5
171 3347 312 3402 vindictae
334 3348 433 3416 scripsi
450 3365 510 3403 cum
530 3348 566 3416 0,
589 3366 753 3418 quamquam
770 3367 899 3404 owner-us
913 3349 1034 3418 pluralis
1052 3351 1144 3404 admo-

137 3419 203 3474 dum
220 3420 338 3474 rotomo
356 3425 406 3474 cst:
423 3417 617 3474 vindictamS
649 3418 775 3473 vindicta
795 3421 856 3474 ΤΗ
923 3419 1077 3489 procedant
1097 3419 1147 3475 OS

156 3490 270 3545 recedat
290 3490 352 3544 ΤΗ
439 3489 502 3542 iin
525 3489 656 3559 superbio
677 3490 749 3545 TH:
776 3494 809 3559 cf.
829 3492 1095 3560 Ammian.14,1,1
1116 3490 1146 3543 in

136 3507 226 3616 Iassos
245 3559 347 3630 efferri3
366 3559 533 3628 Eutr.8,12
551 3560 587 3615 ad
605 3559 785 3615 insolentiam
803 3561 893 3615 elatus

949 3649 984 3702 3t
