<?xml version="1.0" encoding="UTF-8"?>
<!DOCTYPE html PUBLIC "-//W3C//DTD XHTML 1.0 Transitional//EN"
    "http://www.w3.org/TR/xhtml1/DTD/xhtml1-transitional.dtd">
<html xmlns="http://www.w3.org/1999/xhtml" xml:lang="en" lang="en">
 <head>
  <title>
</title>
<meta http-equiv="Content-Type" content="text/html;charset=utf-8" />
  <meta name='ocr-system' content='tesseract 3.04.00' />
  <meta name='ocr-capabilities' content='ocr_page ocr_carea ocr_par ocr_line ocrx_word'/>
</head>
<body>
  <div class='ocr_page' id='page_1' title='image "benedictiregula00wlgoog_0036.png"; bbox 0 0 2684 3924; ppageno 0'>
   <div class='ocr_carea' id='block_1_1' title="bbox 578 191 702 248">
    <p class='ocr_par' dir='ltr' id='par_1_1' title="bbox 578 191 702 248">
     <span class='ocr_line' id='line_1_1' title="bbox 578 191 702 248; baseline -0.016 0"><span class='ocrx_word' id='word_1_1' title='bbox 578 191 654 248; x_wconf 81' lang='lat' dir='ltr'>cAP.</span> <span class='ocrx_word' id='word_1_2' title='bbox 669 192 702 247; x_wconf 89' lang='lat' dir='ltr'>V.</span> 
     </span>
    </p>
   </div>
   <div class='ocr_carea' id='block_1_2' title="bbox 422 403 854 460">
    <p class='ocr_par' dir='ltr' id='par_1_2' title="bbox 422 403 854 460">
     <span class='ocr_line' id='line_1_2' title="bbox 422 403 854 460; baseline -0.005 -1"><span class='ocrx_word' id='word_1_3' title='bbox 422 405 453 459; x_wconf 89' lang='lat' dir='ltr'>V.</span> <span class='ocrx_word' id='word_1_4' title='bbox 481 405 543 459; x_wconf 82' lang='lat' dir='ltr'>DE</span> <span class='ocrx_word' id='word_1_5' title='bbox 562 403 854 460; x_wconf 82' lang='lat' dir='ltr'><em>OBOEDIENTIA.</em></span> 
     </span>
    </p>
   </div>
   <div class='ocr_carea' id='block_1_3' title="bbox 133 516 1185 2903">
    <p class='ocr_par' dir='ltr' id='par_1_3' title="bbox 133 516 1183 1210">
     <span class='ocr_line' id='line_1_3' title="bbox 201 516 1142 596; baseline -0.001 -17"><span class='ocrx_word' id='word_1_6' title='bbox 201 518 320 579; x_wconf 83' lang='lat' dir='ltr'>Primus</span> <span class='ocrx_word' id='word_1_7' title='bbox 346 516 520 579; x_wconf 88' lang='lat' dir='ltr'>humilitatis</span> <span class='ocrx_word' id='word_1_8' title='bbox 548 517 657 596; x_wconf 77' lang='lat' dir='ltr'>gradm</span> <span class='ocrx_word' id='word_1_9' title='bbox 685 525 730 579; x_wconf 85' lang='lat' dir='ltr'>est</span> <span class='ocrx_word' id='word_1_10' title='bbox 756 517 931 578; x_wconf 87' lang='lat' dir='ltr'>oboedentia</span> <span class='ocrx_word' id='word_1_11' title='bbox 959 519 1023 578; x_wconf 91' lang='lat' dir='ltr'>sine</span> <span class='ocrx_word' id='word_1_12' title='bbox 1050 533 1142 578; x_wconf 89' lang='lat' dir='ltr'>mora.</span> 
     </span>
     <span class='ocr_line' id='line_1_4' title="bbox 133 601 1142 686; baseline -0.003 -18"><span class='ocrx_word' id='word_1_13' title='bbox 133 607 214 668; x_wconf 87' lang='lat' dir='ltr'>Haec</span> <span class='ocrx_word' id='word_1_14' title='bbox 236 607 376 667; x_wconf 88' lang='lat' dir='ltr'>convenit</span> <span class='ocrx_word' id='word_1_15' title='bbox 397 606 444 667; x_wconf 89' lang='lat' dir='ltr'>bis</span> <span class='ocrx_word' id='word_1_16' title='bbox 468 608 520 686; x_wconf 88' lang='lat' dir='ltr'>qni</span> <span class='ocrx_word' id='word_1_17' title='bbox 541 604 616 667; x_wconf 88' lang='lat' dir='ltr'>nihil</span> <span class='ocrx_word' id='word_1_18' title='bbox 640 603 698 667; x_wconf 92' lang='lat' dir='ltr'>sibi</span> <span class='ocrx_word' id='word_1_19' title='bbox 720 601 754 667; x_wconf 78' lang='lat' dir='ltr'>&#39;a</span> <span class='ocrx_word' id='word_1_20' title='bbox 773 605 890 667; x_wconf 85' lang='lat' dir='ltr'>Christo</span> <span class='ocrx_word' id='word_1_21' title='bbox 913 608 1011 668; x_wconf 92' lang='lat' dir='ltr'>carius</span> <span class='ocrx_word' id='word_1_22' title='bbox 1032 604 1142 685; x_wconf 90' lang='lat' dir='ltr'>aliquid</span> 
     </span>
     <span class='ocr_line' id='line_1_5' title="bbox 136 694 1143 776; baseline -0.003 -19"><span class='ocrx_word' id='word_1_23' title='bbox 136 698 321 757; x_wconf 79' lang='lat' dir='ltr'>exestimant</span> <span class='ocrx_word' id='word_1_24' title='bbox 354 695 478 774; x_wconf 89' lang='lat' dir='ltr'>Propter</span> <span class='ocrx_word' id='word_1_25' title='bbox 497 697 651 757; x_wconf 85' lang='lat' dir='ltr'>servitium</span> <span class='ocrx_word' id='word_1_26' title='bbox 669 701 803 756; x_wconf 85' lang='lat' dir='ltr'>sanctum</span> <span class='ocrx_word' id='word_1_27' title='bbox 822 694 900 774; x_wconf 89' lang='lat' dir='ltr'>quod</span> <span class='ocrx_word' id='word_1_28' title='bbox 919 695 1047 775; x_wconf 76' lang='lat' dir='ltr'><strong>professi</strong></span> <span class='ocrx_word' id='word_1_29' title='bbox 1066 702 1143 776; x_wconf 90' lang='lat' dir='ltr'>sunt,</span> 
     </span>
     <span class='ocr_line' id='line_1_6' title="bbox 135 782 1183 864; baseline -0.002 -19"><span class='ocrx_word' id='word_1_30' title='bbox 135 803 189 846; x_wconf 90' lang='lat' dir='ltr'>seu</span> <span class='ocrx_word' id='word_1_31' title='bbox 211 792 334 864; x_wconf 89' lang='lat' dir='ltr'>propter</span> <span class='ocrx_word' id='word_1_32' title='bbox 359 788 472 845; x_wconf 92' lang='lat' dir='ltr'>metum</span> <span class='ocrx_word' id='word_1_33' title='bbox 499 784 650 863; x_wconf 88' lang='lat' dir='ltr'>gehenuae</span> <span class='ocrx_word' id='word_1_34' title='bbox 673 783 720 844; x_wconf 85' lang='lat' dir='ltr'>vel</span> <span class='ocrx_word' id='word_1_35' title='bbox 742 782 865 862; x_wconf 82' lang='lat' dir='ltr'>gloriam</span> <span class='ocrx_word' id='word_1_36' title='bbox 892 786 969 844; x_wconf 84' lang='lat' dir='ltr'>vitae</span> <span class='ocrx_word' id='word_1_37' title='bbox 997 790 1143 864; x_wconf 76' lang='lat' dir='ltr'>aeternae,</span> <span class='ocrx_word' id='word_1_38' title='bbox 1170 799 1183 840; x_wconf 79' lang='lat'><strong>5</strong></span> 
     </span>
     <span class='ocr_line' id='line_1_7' title="bbox 137 870 1143 953; baseline -0.002 -19"><span class='ocrx_word' id='word_1_39' title='bbox 137 870 222 934; x_wconf 77' lang='lat' dir='ltr'>*mox</span> <span class='ocrx_word' id='word_1_40' title='bbox 241 879 274 934; x_wconf 88' lang='lat' dir='ltr'>ut</span> <span class='ocrx_word' id='word_1_41' title='bbox 292 871 402 952; x_wconf 88' lang='lat' dir='ltr'>aliquid</span> <span class='ocrx_word' id='word_1_42' title='bbox 421 891 438 933; x_wconf 90' lang='lat' dir='ltr'>a</span> <span class='ocrx_word' id='word_1_43' title='bbox 456 874 569 934; x_wconf 88' lang='lat' dir='ltr'>maiore</span> <span class='ocrx_word' id='word_1_44' title='bbox 587 873 762 952; x_wconf 88' lang='lat' dir='ltr'>imperatum</span> <span class='ocrx_word' id='word_1_45' title='bbox 782 873 881 953; x_wconf 83' lang='lat' dir='ltr'>inerit,</span> <span class='ocrx_word' id='word_1_46' title='bbox 904 891 938 934; x_wconf 91' lang='lat' dir='ltr'>ac</span> <span class='ocrx_word' id='word_1_47' title='bbox 957 873 983 933; x_wconf 92' lang='lat' dir='ltr'>si</span> <span class='ocrx_word' id='word_1_48' title='bbox 1002 872 1143 933; x_wconf 88' lang='lat' dir='ltr'>divinitus</span> 
     </span>
     <span class='ocr_line' id='line_1_8' title="bbox 135 959 1143 1043; baseline -0.002 -20"><span class='ocrx_word' id='word_1_49' title='bbox 135 965 313 1043; x_wconf 84' lang='lat' dir='ltr'>imperetur,</span> <span class='ocrx_word' id='word_1_50' title='bbox 340 979 453 1022; x_wconf 85' lang='lat' dir='ltr'>morsm</span> <span class='ocrx_word' id='word_1_51' title='bbox 480 963 542 1040; x_wconf 87' lang='lat' dir='ltr'>pati</span> <span class='ocrx_word' id='word_1_52' title='bbox 568 963 703 1023; x_wconf 79' lang='lat' dir='ltr'>nesciant</span> <span class='ocrx_word' id='word_1_53' title='bbox 727 963 759 1022; x_wconf 92' lang='lat' dir='ltr'>in</span> <span class='ocrx_word' id='word_1_54' title='bbox 781 961 925 1022; x_wconf 85' lang='lat' dir='ltr'>faciendo.</span> <span class='ocrx_word' id='word_1_55' title='bbox 970 961 1011 1022; x_wconf 87' lang='lat' dir='ltr'>De</span> <span class='ocrx_word' id='word_1_56' title='bbox 1035 959 1143 1040; x_wconf 90' lang='lat' dir='ltr'>quibus</span> 
     </span>
     <span class='ocr_line' id='line_1_9' title="bbox 136 1045 1142 1131; baseline -0.001 -21"><span class='ocrx_word' id='word_1_57' title='bbox 136 1050 279 1111; x_wconf 79' lang='lat' dir='ltr'>Dominus</span> <span class='ocrx_word' id='word_1_58' title='bbox 303 1050 388 1111; x_wconf 90' lang='lat' dir='ltr'>dicit:</span> <span class='ocrx_word' id='word_1_59' title='bbox 416 1045 580 1111; x_wconf 77' lang='lat' dir='ltr'>‘Obauditu</span> <span class='ocrx_word' id='word_1_60' title='bbox 603 1052 684 1111; x_wconf 89' lang='lat' dir='ltr'>auris</span> <span class='ocrx_word' id='word_1_61' title='bbox 708 1049 856 1110; x_wconf 85' lang='lat' dir='ltr'>oboedivit</span> <span class='ocrx_word' id='word_1_62' title='bbox 878 1046 983 1131; x_wconf 90' lang='lat' dir='ltr'>mibi&#39;;</span> <span class='ocrx_word' id='word_1_63' title='bbox 1012 1057 1043 1112; x_wconf 91' lang='lat' dir='ltr'>et</span> <span class='ocrx_word' id='word_1_64' title='bbox 1064 1049 1142 1110; x_wconf 94' lang='lat' dir='ltr'>idem</span> 
     </span>
     <span class='ocr_line' id='line_1_10' title="bbox 136 1134 887 1210; baseline -0.003 -10"><span class='ocrx_word' id='word_1_65' title='bbox 136 1139 208 1200; x_wconf 91' lang='lat' dir='ltr'>dicit</span> <span class='ocrx_word' id='word_1_66' title='bbox 231 1137 416 1201; x_wconf 88' lang='lat' dir='ltr'>doctoribus:</span> <span class='ocrx_word' id='word_1_67' title='bbox 441 1134 513 1210; x_wconf 80' lang='lat' dir='ltr'>‘Qui</span> <span class='ocrx_word' id='word_1_68' title='bbox 534 1156 588 1199; x_wconf 87' lang='lat' dir='ltr'>vos</span> <span class='ocrx_word' id='word_1_69' title='bbox 611 1137 693 1200; x_wconf 89' lang='lat' dir='ltr'>audit</span> <span class='ocrx_word' id='word_1_70' title='bbox 710 1156 758 1199; x_wconf 89' lang='lat' dir='ltr'>me</span> <span class='ocrx_word' id='word_1_71' title='bbox 782 1134 887 1200; x_wconf 90' lang='lat' dir='ltr'>audit&#39;</span> 
     </span>
    </p>

    <p class='ocr_par' dir='ltr' id='par_1_4' title="bbox 134 1223 1185 1838">
     <span class='ocr_line' id='line_1_11' title="bbox 202 1223 1185 1308; baseline -0.002 -22"><span class='ocrx_word' id='word_1_72' title='bbox 202 1226 280 1305; x_wconf 88' lang='lat' dir='ltr'>Ergo</span> <span class='ocrx_word' id='word_1_73' title='bbox 307 1223 368 1288; x_wconf 77' lang='lat' dir='ltr'>*hii</span> <span class='ocrx_word' id='word_1_74' title='bbox 383 1226 465 1288; x_wconf 84' lang='lat' dir='ltr'>tales</span> <span class='ocrx_word' id='word_1_75' title='bbox 487 1226 690 1307; x_wconf 86' lang='lat' dir='ltr'>relinquentes</span> <span class='ocrx_word' id='word_1_76' title='bbox 714 1228 812 1288; x_wconf 90' lang='lat' dir='ltr'>statim</span> <span class='ocrx_word' id='word_1_77' title='bbox 836 1245 910 1308; x_wconf 90' lang='lat' dir='ltr'>quae</span> <span class='ocrx_word' id='word_1_78' title='bbox 934 1246 987 1288; x_wconf 90' lang='lat' dir='ltr'>sua</span> <span class='ocrx_word' id='word_1_79' title='bbox 1010 1234 1092 1307; x_wconf 87' lang='lat' dir='ltr'>sunt,</span> <span class='ocrx_word' id='word_1_80' title='bbox 1115 1234 1144 1287; x_wconf 90' lang='lat' dir='ltr'>et</span> <span class='ocrx_word' id='word_1_81' title='bbox 1159 1245 1185 1284; x_wconf 86' lang='lat'>10</span> 
     </span>
     <span class='ocr_line' id='line_1_12' title="bbox 134 1314 1144 1397; baseline -0.001 -21"><span class='ocrx_word' id='word_1_82' title='bbox 134 1315 316 1377; x_wconf 85' lang='lat' dir='ltr'>voluntatem</span> <span class='ocrx_word' id='word_1_83' title='bbox 339 1317 489 1396; x_wconf 82' lang='lat' dir='ltr'>propriam</span> <span class='ocrx_word' id='word_1_84' title='bbox 510 1315 692 1397; x_wconf 89' lang='lat' dir='ltr'>deserentes,</span> <span class='ocrx_word' id='word_1_85' title='bbox 714 1334 782 1377; x_wconf 84' lang='lat' dir='ltr'>mox</span> <span class='ocrx_word' id='word_1_86' title='bbox 801 1318 989 1396; x_wconf 82' lang='lat' dir='ltr'>exoccupatis</span> <span class='ocrx_word' id='word_1_87' title='bbox 1008 1314 1144 1376; x_wconf 91' lang='lat' dir='ltr'>manibus</span> 
     </span>
     <span class='ocr_line' id='line_1_13' title="bbox 135 1402 1143 1486; baseline -0.003 -20"><span class='ocrx_word' id='word_1_88' title='bbox 135 1412 166 1466; x_wconf 91' lang='lat' dir='ltr'>et</span> <span class='ocrx_word' id='word_1_89' title='bbox 193 1403 271 1483; x_wconf 89' lang='lat' dir='ltr'>quod</span> <span class='ocrx_word' id='word_1_90' title='bbox 304 1403 430 1484; x_wconf 82' lang='lat' dir='ltr'>agebant</span> <span class='ocrx_word' id='word_1_91' title='bbox 455 1405 653 1484; x_wconf 81' lang='lat' dir='ltr'>inperfectum</span> <span class='ocrx_word' id='word_1_92' title='bbox 684 1404 900 1486; x_wconf 85' lang='lat' dir='ltr'>relinquentes,</span> <span class='ocrx_word' id='word_1_93' title='bbox 931 1407 1028 1465; x_wconf 83' lang='lat' dir='ltr'>ricino</span> <span class='ocrx_word' id='word_1_94' title='bbox 1056 1402 1143 1464; x_wconf 90' lang='lat' dir='ltr'>oboe-</span> 
     </span>
     <span class='ocr_line' id='line_1_14' title="bbox 135 1492 1145 1574; baseline -0.003 -19"><span class='ocrx_word' id='word_1_95' title='bbox 135 1494 264 1555; x_wconf 88' lang='lat' dir='ltr'>dientiae</span> <span class='ocrx_word' id='word_1_96' title='bbox 292 1492 367 1572; x_wconf 90' lang='lat' dir='ltr'>pede</span> <span class='ocrx_word' id='word_1_97' title='bbox 395 1492 526 1554; x_wconf 89' lang='lat' dir='ltr'>iubentis</span> <span class='ocrx_word' id='word_1_98' title='bbox 553 1512 655 1554; x_wconf 89' lang='lat' dir='ltr'>vocem</span> <span class='ocrx_word' id='word_1_99' title='bbox 682 1494 768 1554; x_wconf 82' lang='lat' dir='ltr'>lactis</span> <span class='ocrx_word' id='word_1_100' title='bbox 793 1500 971 1574; x_wconf 89' lang='lat' dir='ltr'>sequuntur,</span> <span class='ocrx_word' id='word_1_101' title='bbox 998 1500 1032 1553; x_wconf 91' lang='lat' dir='ltr'>ut</span> <span class='ocrx_word' id='word_1_102' title='bbox 1053 1492 1145 1553; x_wconf 87' lang='lat' dir='ltr'>veluti</span> 
     </span>
     <span class='ocr_line' id='line_1_15' title="bbox 134 1580 1144 1661; baseline -0.004 -17"><span class='ocrx_word' id='word_1_103' title='bbox 134 1599 195 1644; x_wconf 92' lang='lat' dir='ltr'>uno</span> <span class='ocrx_word' id='word_1_104' title='bbox 218 1589 368 1643; x_wconf 92' lang='lat' dir='ltr'>momento</span> <span class='ocrx_word' id='word_1_105' title='bbox 395 1581 545 1661; x_wconf 88' lang='lat' dir='ltr'>praedicta</span> <span class='ocrx_word' id='word_1_106' title='bbox 573 1583 708 1661; x_wconf 83' lang='lat' dir='ltr'>magistri</span> <span class='ocrx_word' id='word_1_107' title='bbox 729 1583 822 1643; x_wconf 89' lang='lat' dir='ltr'>iussio</span> <span class='ocrx_word' id='word_1_108' title='bbox 851 1587 881 1642; x_wconf 88' lang='lat' dir='ltr'>et</span> <span class='ocrx_word' id='word_1_109' title='bbox 902 1581 1033 1661; x_wconf 88' lang='lat' dir='ltr'>perlecta</span> <span class='ocrx_word' id='word_1_110' title='bbox 1056 1580 1144 1642; x_wconf 89' lang='lat' dir='ltr'>disci·</span> 
     </span>
     <span class='ocr_line' id='line_1_16' title="bbox 135 1669 1185 1751; baseline -0.005 -20"><span class='ocrx_word' id='word_1_111' title='bbox 135 1669 200 1751; x_wconf 92' lang='lat' dir='ltr'>puli</span> <span class='ocrx_word' id='word_1_112' title='bbox 223 1688 313 1750; x_wconf 89' lang='lat' dir='ltr'>opera</span> <span class='ocrx_word' id='word_1_113' title='bbox 336 1705 378 1713; x_wconf 95' lang='lat'><em>-</em></span> <span class='ocrx_word' id='word_1_114' title='bbox 402 1673 433 1731; x_wconf 91' lang='lat' dir='ltr'>in</span> <span class='ocrx_word' id='word_1_115' title='bbox 460 1669 615 1731; x_wconf 82' lang='lat' dir='ltr'>velocitate</span> <span class='ocrx_word' id='word_1_116' title='bbox 642 1671 759 1731; x_wconf 89' lang='lat' dir='ltr'>timoris</span> <span class='ocrx_word' id='word_1_117' title='bbox 782 1669 836 1731; x_wconf 88' lang='lat' dir='ltr'>Dei</span> <span class='ocrx_word' id='word_1_118' title='bbox 864 1669 966 1731; x_wconf 91' lang='lat' dir='ltr'>ambae</span> <span class='ocrx_word' id='word_1_119' title='bbox 989 1688 1038 1731; x_wconf 92' lang='lat' dir='ltr'>res</span> <span class='ocrx_word' id='word_1_120' title='bbox 1065 1685 1185 1730; x_wconf 79' lang='lat' dir='ltr'>enm-15</span> 
     </span>
     <span class='ocr_line' id='line_1_17' title="bbox 136 1758 596 1838; baseline -0.002 -18"><span class='ocrx_word' id='word_1_121' title='bbox 136 1761 269 1820; x_wconf 84' lang='lat' dir='ltr'>munitor</span> <span class='ocrx_word' id='word_1_122' title='bbox 291 1761 380 1820; x_wconf 88' lang='lat' dir='ltr'>citius</span> <span class='ocrx_word' id='word_1_123' title='bbox 404 1758 596 1838; x_wconf 82' lang='lat' dir='ltr'>explicantur.</span> 
     </span>
    </p>

    <p class='ocr_par' dir='ltr' id='par_1_5' title="bbox 134 1846 1185 2903">
     <span class='ocr_line' id='line_1_18' title="bbox 203 1846 1146 1928; baseline -0.001 -20"><span class='ocrx_word' id='word_1_124' title='bbox 203 1847 318 1919; x_wconf 82' lang='lat' dir='ltr'>Quibus</span> <span class='ocrx_word' id='word_1_125' title='bbox 347 1848 496 1908; x_wconf 85' lang='lat' dir='ltr'>advitam</span> <span class='ocrx_word' id='word_1_126' title='bbox 522 1854 672 1908; x_wconf 90' lang='lat' dir='ltr'>aeternam</span> <span class='ocrx_word' id='word_1_127' title='bbox 700 1846 854 1926; x_wconf 88' lang='lat' dir='ltr'>gradiendi</span> <span class='ocrx_word' id='word_1_128' title='bbox 881 1865 964 1908; x_wconf 90' lang='lat' dir='ltr'>amor</span> <span class='ocrx_word' id='word_1_129' title='bbox 990 1846 1146 1928; x_wconf 86' lang='lat' dir='ltr'>incumbit,</span> 
     </span>
     <span class='ocr_line' id='line_1_19' title="bbox 135 1929 1145 2020; baseline -0.002 -22"><span class='ocrx_word' id='word_1_130' title='bbox 135 1936 204 1998; x_wconf 91' lang='lat' dir='ltr'>ideo</span> <span class='ocrx_word' id='word_1_131' title='bbox 227 1943 382 2016; x_wconf 83' lang='lat' dir='ltr'>angustam</span> <span class='ocrx_word' id='word_1_132' title='bbox 404 1937 481 1997; x_wconf 84' lang='lat' dir='ltr'>riam</span> <span class='ocrx_word' id='word_1_133' title='bbox 504 1938 651 2016; x_wconf 90' lang='lat' dir='ltr'>arripiunt</span> <span class='ocrx_word' id='word_1_134' title='bbox 674 1929 768 2020; x_wconf 89' lang='lat' dir='ltr'>(unde</span> <span class='ocrx_word' id='word_1_135' title='bbox 791 1936 933 1997; x_wconf 87' lang='lat' dir='ltr'>Dominus</span> <span class='ocrx_word' id='word_1_136' title='bbox 957 1936 1043 1997; x_wconf 89' lang='lat' dir='ltr'>dicit:</span> <span class='ocrx_word' id='word_1_137' title='bbox 1076 1931 1145 1996; x_wconf 78' lang='lat' dir='ltr'>‘An-</span> 
     </span>
     <span class='ocr_line' id='line_1_20' title="bbox 135 2019 1144 2108; baseline 0 -23"><span class='ocrx_word' id='word_1_138' title='bbox 135 2032 221 2105; x_wconf 89' lang='lat' dir='ltr'>gusta</span> <span class='ocrx_word' id='word_1_139' title='bbox 244 2027 290 2086; x_wconf 86' lang='lat' dir='ltr'>via</span> <span class='ocrx_word' id='word_1_140' title='bbox 314 2031 360 2086; x_wconf 90' lang='lat' dir='ltr'>est</span> <span class='ocrx_word' id='word_1_141' title='bbox 382 2043 457 2104; x_wconf 88' lang='lat' dir='ltr'>quae</span> <span class='ocrx_word' id='word_1_142' title='bbox 481 2024 563 2086; x_wconf 93' lang='lat' dir='ltr'>ducit</span> <span class='ocrx_word' id='word_1_143' title='bbox 585 2025 621 2086; x_wconf 95' lang='lat' dir='ltr'>ad</span> <span class='ocrx_word' id='word_1_144' title='bbox 644 2019 781 2108; x_wconf 86' lang='lat' dir='ltr'>vitam&#39;),</span> <span class='ocrx_word' id='word_1_145' title='bbox 807 2032 921 2086; x_wconf 89' lang='lat' dir='ltr'>utnon</span> <span class='ocrx_word' id='word_1_146' title='bbox 944 2043 998 2086; x_wconf 88' lang='lat' dir='ltr'>suo</span> <span class='ocrx_word' id='word_1_147' title='bbox 1022 2024 1144 2086; x_wconf 88' lang='lat' dir='ltr'>arbitrio</span> 
     </span>
     <span class='ocr_line' id='line_1_21' title="bbox 134 2112 1185 2196; baseline -0.002 -22"><span class='ocrx_word' id='word_1_148' title='bbox 134 2116 268 2174; x_wconf 80' lang='lat' dir='ltr'>viventes</span> <span class='ocrx_word' id='word_1_149' title='bbox 299 2113 346 2175; x_wconf 85' lang='lat' dir='ltr'>vel</span> <span class='ocrx_word' id='word_1_150' title='bbox 378 2113 534 2174; x_wconf 88' lang='lat' dir='ltr'>desideriis</span> <span class='ocrx_word' id='word_1_151' title='bbox 567 2115 629 2175; x_wconf 91' lang='lat' dir='ltr'>suis</span> <span class='ocrx_word' id='word_1_152' title='bbox 661 2122 691 2175; x_wconf 88' lang='lat' dir='ltr'>et</span> <span class='ocrx_word' id='word_1_153' title='bbox 717 2112 918 2176; x_wconf 83' lang='lat' dir='ltr'>voluntatibus</span> <span class='ocrx_word' id='word_1_154' title='bbox 945 2113 1144 2196; x_wconf 66' lang='lat' dir='ltr'>oboedientes</span> <span class='ocrx_word' id='word_1_155' title='bbox 1159 2131 1185 2172; x_wconf 79' lang='lat' dir='ltr'>so</span> 
     </span>
     <span class='ocr_line' id='line_1_22' title="bbox 136 2201 1145 2282; baseline -0.002 -19"><span class='ocrx_word' id='word_1_156' title='bbox 136 2202 190 2263; x_wconf 85' lang='lat' dir='ltr'>sed</span> <span class='ocrx_word' id='word_1_157' title='bbox 214 2201 398 2263; x_wconf 89' lang='lat' dir='ltr'>ambulantes</span> <span class='ocrx_word' id='word_1_158' title='bbox 421 2201 517 2263; x_wconf 92' lang='lat' dir='ltr'>alieno</span> <span class='ocrx_word' id='word_1_159' title='bbox 535 2202 645 2264; x_wconf 88' lang='lat' dir='ltr'>iudicio</span> <span class='ocrx_word' id='word_1_160' title='bbox 669 2210 699 2263; x_wconf 93' lang='lat' dir='ltr'>et</span> <span class='ocrx_word' id='word_1_161' title='bbox 721 2205 847 2282; x_wconf 90' lang='lat' dir='ltr'>imperio</span> <span class='ocrx_word' id='word_1_162' title='bbox 870 2205 901 2263; x_wconf 94' lang='lat' dir='ltr'>in</span> <span class='ocrx_word' id='word_1_163' title='bbox 920 2202 1072 2264; x_wconf 91' lang='lat' dir='ltr'>coenobiis</span> <span class='ocrx_word' id='word_1_164' title='bbox 1094 2202 1145 2262; x_wconf 92' lang='lat' dir='ltr'>de-</span> 
     </span>
     <span class='ocr_line' id='line_1_23' title="bbox 137 2289 1145 2371; baseline -0.002 -19"><span class='ocrx_word' id='word_1_165' title='bbox 137 2298 241 2370; x_wconf 83' lang='lat' dir='ltr'>gentes</span> <span class='ocrx_word' id='word_1_166' title='bbox 265 2290 401 2352; x_wconf 87' lang='lat' dir='ltr'>abbatem</span> <span class='ocrx_word' id='word_1_167' title='bbox 426 2289 484 2351; x_wconf 92' lang='lat' dir='ltr'>sibi</span> <span class='ocrx_word' id='word_1_168' title='bbox 510 2309 649 2371; x_wconf 89' lang='lat' dir='ltr'>praeesse</span> <span class='ocrx_word' id='word_1_169' title='bbox 672 2290 850 2352; x_wconf 88' lang='lat' dir='ltr'>desiderant.</span> <span class='ocrx_word' id='word_1_170' title='bbox 896 2291 966 2352; x_wconf 88' lang='lat' dir='ltr'>Sine</span> <span class='ocrx_word' id='word_1_171' title='bbox 990 2289 1079 2352; x_wconf 91' lang='lat' dir='ltr'>dubio</span> <span class='ocrx_word' id='word_1_172' title='bbox 1101 2289 1145 2350; x_wconf 91' lang='lat' dir='ltr'>hii</span> 
     </span>
     <span class='ocr_line' id='line_1_24' title="bbox 136 2374 1144 2459; baseline 0 -19"><span class='ocrx_word' id='word_1_173' title='bbox 136 2378 211 2440; x_wconf 88' lang='lat' dir='ltr'>tales</span> <span class='ocrx_word' id='word_1_174' title='bbox 239 2379 319 2440; x_wconf 93' lang='lat' dir='ltr'>illam</span> <span class='ocrx_word' id='word_1_175' title='bbox 342 2379 460 2440; x_wconf 87' lang='lat' dir='ltr'>Domini</span> <span class='ocrx_word' id='word_1_176' title='bbox 487 2381 641 2441; x_wconf 89' lang='lat' dir='ltr'>imitantur</span> <span class='ocrx_word' id='word_1_177' title='bbox 668 2383 846 2441; x_wconf 90' lang='lat' dir='ltr'>sententiam</span> <span class='ocrx_word' id='word_1_178' title='bbox 869 2398 926 2459; x_wconf 86' lang='lat' dir='ltr'>qua</span> <span class='ocrx_word' id='word_1_179' title='bbox 951 2379 1036 2440; x_wconf 91' lang='lat' dir='ltr'>dicit:</span> <span class='ocrx_word' id='word_1_180' title='bbox 1064 2374 1144 2440; x_wconf 78' lang='lat' dir='ltr'>‘Non</span> 
     </span>
     <span class='ocr_line' id='line_1_25' title="bbox 135 2465 1145 2548; baseline 0.004 -23"><span class='ocrx_word' id='word_1_181' title='bbox 135 2470 204 2529; x_wconf 86' lang='lat' dir='ltr'>reni</span> <span class='ocrx_word' id='word_1_182' title='bbox 236 2468 333 2530; x_wconf 83' lang='lat' dir='ltr'>iacere</span> <span class='ocrx_word' id='word_1_183' title='bbox 365 2467 546 2529; x_wconf 83' lang='lat' dir='ltr'>voluntatem</span> <span class='ocrx_word' id='word_1_184' title='bbox 578 2486 672 2529; x_wconf 92' lang='lat' dir='ltr'>meam</span> <span class='ocrx_word' id='word_1_185' title='bbox 706 2468 758 2529; x_wconf 92' lang='lat' dir='ltr'>sed</span> <span class='ocrx_word' id='word_1_186' title='bbox 788 2471 853 2529; x_wconf 88' lang='lat' dir='ltr'>eius</span> <span class='ocrx_word' id='word_1_187' title='bbox 886 2469 937 2548; x_wconf 89' lang='lat' dir='ltr'>qui</span> <span class='ocrx_word' id='word_1_188' title='bbox 969 2470 1050 2528; x_wconf 92' lang='lat' dir='ltr'>misit</span> <span class='ocrx_word' id='word_1_189' title='bbox 1072 2465 1145 2529; x_wconf 85' lang='lat' dir='ltr'>me&#39;</span> 
     </span>
     <span class='ocr_line' id='line_1_26' title="bbox 136 2555 1185 2636; baseline -0.001 -20"><span class='ocrx_word' id='word_1_190' title='bbox 136 2555 195 2617; x_wconf 92' lang='lat' dir='ltr'>Sed</span> <span class='ocrx_word' id='word_1_191' title='bbox 223 2556 296 2619; x_wconf 90' lang='lat' dir='ltr'>haec</span> <span class='ocrx_word' id='word_1_192' title='bbox 321 2559 385 2636; x_wconf 89' lang='lat' dir='ltr'>ipsa</span> <span class='ocrx_word' id='word_1_193' title='bbox 417 2555 603 2617; x_wconf 88' lang='lat' dir='ltr'>oboedientia</span> <span class='ocrx_word' id='word_1_194' title='bbox 629 2565 700 2618; x_wconf 89' lang='lat' dir='ltr'>tunc</span> <span class='ocrx_word' id='word_1_195' title='bbox 728 2555 919 2636; x_wconf 89' lang='lat' dir='ltr'>acceptabilis</span> <span class='ocrx_word' id='word_1_196' title='bbox 946 2558 1003 2617; x_wconf 88' lang='lat' dir='ltr'>erit</span> <span class='ocrx_word' id='word_1_197' title='bbox 1025 2555 1085 2616; x_wconf 85' lang='lat' dir='ltr'>beo</span> <span class='ocrx_word' id='word_1_198' title='bbox 1116 2561 1146 2616; x_wconf 89' lang='lat' dir='ltr'>et</span> <span class='ocrx_word' id='word_1_199' title='bbox 1159 2575 1185 2615; x_wconf 83' lang='lat' dir='ltr'>ss</span> 
     </span>
     <span class='ocr_line' id='line_1_27' title="bbox 135 2643 1144 2727; baseline -0.001 -22"><span class='ocrx_word' id='word_1_200' title='bbox 135 2643 233 2706; x_wconf 91' lang='lat' dir='ltr'>dulcis</span> <span class='ocrx_word' id='word_1_201' title='bbox 250 2645 430 2727; x_wconf 90' lang='lat' dir='ltr'>bominibus,</span> <span class='ocrx_word' id='word_1_202' title='bbox 453 2648 480 2706; x_wconf 93' lang='lat' dir='ltr'>si</span> <span class='ocrx_word' id='word_1_203' title='bbox 498 2644 577 2725; x_wconf 89' lang='lat' dir='ltr'>qnod</span> <span class='ocrx_word' id='word_1_204' title='bbox 595 2644 723 2725; x_wconf 89' lang='lat' dir='ltr'>iubetur,</span> <span class='ocrx_word' id='word_1_205' title='bbox 742 2663 802 2706; x_wconf 91' lang='lat' dir='ltr'>nnn</span> <span class='ocrx_word' id='word_1_206' title='bbox 819 2644 945 2725; x_wconf 88' lang='lat' dir='ltr'>trepide,</span> <span class='ocrx_word' id='word_1_207' title='bbox 958 2662 1018 2708; x_wconf 89' lang='lat' dir='ltr'>uon</span> <span class='ocrx_word' id='word_1_208' title='bbox 1036 2643 1144 2724; x_wconf 89' lang='lat' dir='ltr'>tepide,</span> 
     </span>
     <span class='ocr_line' id='line_1_28' title="bbox 135 2731 1146 2816; baseline -0.001 -22"><span class='ocrx_word' id='word_1_209' title='bbox 135 2751 196 2794; x_wconf 92' lang='lat' dir='ltr'>non</span> <span class='ocrx_word' id='word_1_210' title='bbox 219 2735 316 2816; x_wconf 88' lang='lat' dir='ltr'>tarde,</span> <span class='ocrx_word' id='word_1_211' title='bbox 339 2741 389 2794; x_wconf 89' lang='lat' dir='ltr'>aut</span> <span class='ocrx_word' id='word_1_212' title='bbox 412 2751 480 2794; x_wconf 92' lang='lat' dir='ltr'>cum</span> <span class='ocrx_word' id='word_1_213' title='bbox 501 2735 664 2794; x_wconf 87' lang='lat' dir='ltr'>murmurio</span> <span class='ocrx_word' id='word_1_214' title='bbox 692 2733 739 2795; x_wconf 90' lang='lat' dir='ltr'>vel</span> <span class='ocrx_word' id='word_1_215' title='bbox 765 2752 833 2795; x_wconf 91' lang='lat' dir='ltr'>cum</span> <span class='ocrx_word' id='word_1_216' title='bbox 856 2749 1000 2813; x_wconf 90' lang='lat' dir='ltr'>responso</span> <span class='ocrx_word' id='word_1_217' title='bbox 1017 2731 1146 2795; x_wconf 92' lang='lat' dir='ltr'>nolentis</span> 
     </span>
     <span class='ocr_line' id='line_1_29' title="bbox 137 2819 1145 2903; baseline 0 -21"><span class='ocrx_word' id='word_1_218' title='bbox 137 2823 297 2883; x_wconf 80' lang='lat' dir='ltr'>efficiatur:</span> <span class='ocrx_word' id='word_1_219' title='bbox 321 2824 390 2902; x_wconf 87' lang='lat' dir='ltr'>quia</span> <span class='ocrx_word' id='word_1_220' title='bbox 411 2820 597 2882; x_wconf 91' lang='lat' dir='ltr'>oboedientia</span> <span class='ocrx_word' id='word_1_221' title='bbox 616 2841 691 2902; x_wconf 90' lang='lat' dir='ltr'>quae</span> <span class='ocrx_word' id='word_1_222' title='bbox 715 2822 876 2884; x_wconf 91' lang='lat' dir='ltr'>maioribus</span> <span class='ocrx_word' id='word_1_223' title='bbox 894 2819 1063 2903; x_wconf 89' lang='lat' dir='ltr'>praebetur,</span> <span class='ocrx_word' id='word_1_224' title='bbox 1085 2821 1145 2882; x_wconf 88' lang='lat' dir='ltr'>Deo</span> 
     </span>
    </p>
   </div>
   <div class='ocr_carea' id='block_1_4' title="bbox 135 3044 1146 3185">
    <p class='ocr_par' dir='ltr' id='par_1_6' title="bbox 135 3044 1146 3185">
     <span class='ocr_line' id='line_1_30' title="bbox 206 3044 1146 3116; baseline -0.002 -15"><span class='ocrx_word' id='word_1_225' title='bbox 206 3044 230 3101; x_wconf 87' lang='lat' dir='ltr'>V</span> <span class='ocrx_word' id='word_1_226' title='bbox 249 3051 266 3098; x_wconf 81' lang='lat'>4</span> <span class='ocrx_word' id='word_1_227' title='bbox 285 3045 454 3100; x_wconf 82' lang='lat' dir='ltr'>exestimant</span> <span class='ocrx_word' id='word_1_228' title='bbox 472 3046 524 3100; x_wconf 74' lang='lat' dir='ltr'>ST</span> <span class='ocrx_word' id='word_1_229' title='bbox 558 3044 720 3101; x_wconf 85' lang='lat' dir='ltr'>existimant</span> <span class='ocrx_word' id='word_1_230' title='bbox 740 3045 778 3100; x_wconf 82' lang='lat' dir='ltr'>Ol</span> <span class='ocrx_word' id='word_1_231' title='bbox 832 3051 847 3101; x_wconf 88' lang='lat'><strong>6</strong></span> <span class='ocrx_word' id='word_1_232' title='bbox 866 3046 1034 3116; x_wconf 86' lang='lat' dir='ltr'>imperatum</span> <span class='ocrx_word' id='word_1_233' title='bbox 1052 3063 1070 3099; x_wconf 83' lang='lat' dir='ltr'>a</span> <span class='ocrx_word' id='word_1_234' title='bbox 1086 3062 1146 3099; x_wconf 84' lang='lat' dir='ltr'>ma-</span> 
     </span>
     <span class='ocr_line' id='line_1_31' title="bbox 135 3115 1146 3185; baseline 0.002 -16"><span class='ocrx_word' id='word_1_235' title='bbox 135 3116 194 3170; x_wconf 88' lang='lat' dir='ltr'>iore</span> <span class='ocrx_word' id='word_1_236' title='bbox 213 3115 266 3170; x_wconf 80' lang='lat' dir='ltr'>ST</span> <span class='ocrx_word' id='word_1_237' title='bbox 326 3115 480 3172; x_wconf 76' lang='lat' dir='ltr'>sinemo</span> <span class='ocrx_word' id='word_1_238' title='bbox 515 3116 617 3170; x_wconf 87' lang='lat' dir='ltr'>iterum</span> <span class='ocrx_word' id='word_1_239' title='bbox 635 3117 688 3171; x_wconf 80' lang='lat' dir='ltr'>ST</span> <span class='ocrx_word' id='word_1_240' title='bbox 744 3122 776 3170; x_wconf 88' lang='grc'>13</span> <span class='ocrx_word' id='word_1_241' title='bbox 797 3119 989 3185; x_wconf 81' lang='lat' dir='ltr'>sequanturS</span> <span class='ocrx_word' id='word_1_242' title='bbox 1047 3122 1081 3170; x_wconf 76' lang='lat'>20</span> <span class='ocrx_word' id='word_1_243' title='bbox 1100 3133 1146 3171; x_wconf 89' lang='lat' dir='ltr'>vo-</span> 
     </span>
    </p>
   </div>
   <div class='ocr_carea' id='block_1_5' title="bbox 35 3185 1145 3258">
    <p class='ocr_par' dir='ltr' id='par_1_7' title="bbox 35 3185 1145 3258">
     <span class='ocr_line' id='line_1_32' title="bbox 35 3185 1145 3258; baseline 0 -16"><span class='ocrx_word' id='word_1_244' title='bbox 35 3199 38 3242; x_wconf 66' lang='grc' dir='ltr'><strong><em>τ</em></strong></span> <span class='ocrx_word' id='word_1_245' title='bbox 135 3185 294 3240; x_wconf 84' lang='lat' dir='ltr'>luntalibns</span> <span class='ocrx_word' id='word_1_246' title='bbox 308 3188 415 3242; x_wconf 79' lang='lat' dir='ltr'>restitui</span> <span class='ocrx_word' id='word_1_247' title='bbox 428 3205 489 3242; x_wconf 82' lang='lat' dir='ltr'>corn</span> <span class='ocrx_word' id='word_1_248' title='bbox 505 3187 554 3242; x_wconf 82' lang='lat' dir='ltr'>OS</span> <span class='ocrx_word' id='word_1_249' title='bbox 559 3188 584 3241; x_wconf 85' lang='grc' dir='ltr'><em>Τ</em></span> <span class='ocrx_word' id='word_1_250' title='bbox 600 3187 658 3242; x_wconf 85' lang='lat' dir='ltr'>coll.</span> <span class='ocrx_word' id='word_1_251' title='bbox 673 3192 699 3254; x_wconf 92' lang='lat'>1,</span> <span class='ocrx_word' id='word_1_252' title='bbox 708 3191 753 3242; x_wconf 80' lang='lat'>24.</span> <span class='ocrx_word' id='word_1_253' title='bbox 768 3191 794 3254; x_wconf 74' lang='lat'>4,</span> <span class='ocrx_word' id='word_1_254' title='bbox 804 3192 842 3242; x_wconf 87' lang='grc'>38</span> <span class='ocrx_word' id='word_1_255' title='bbox 868 3187 1060 3258; x_wconf 86' lang='lat' dir='ltr'>voluptatibus</span> <span class='ocrx_word' id='word_1_256' title='bbox 1074 3189 1145 3258; x_wconf 76' lang='lat' dir='ltr'>culp.</span> 
     </span>
    </p>
   </div>
   <div class='ocr_carea' id='block_1_6' title="bbox 132 3256 1147 3614">
    <p class='ocr_par' dir='ltr' id='par_1_8' title="bbox 132 3256 1147 3614">
     <span class='ocr_line' id='line_1_33' title="bbox 208 3256 1147 3330; baseline 0.001 -19"><span class='ocrx_word' id='word_1_257' title='bbox 208 3264 240 3311; x_wconf 79' lang='lat'>21</span> <span class='ocrx_word' id='word_1_258' title='bbox 258 3257 293 3312; x_wconf 83' lang='lat' dir='ltr'>sl.</span> <span class='ocrx_word' id='word_1_259' title='bbox 307 3256 424 3328; x_wconf 85' lang='lat' dir='ltr'>iudicio]</span> <span class='ocrx_word' id='word_1_260' title='bbox 444 3257 536 3312; x_wconf 90' lang='lat' dir='ltr'>alieno</span> <span class='ocrx_word' id='word_1_261' title='bbox 555 3273 681 3312; x_wconf 83' lang='lat' dir='ltr'>sermone</span> <span class='ocrx_word' id='word_1_262' title='bbox 695 3259 759 3312; x_wconf 82' lang='lat' dir='ltr'>odd.</span> <span class='ocrx_word' id='word_1_263' title='bbox 776 3258 812 3313; x_wconf 83' lang='grc' dir='ltr'>0ι</span> <span class='ocrx_word' id='word_1_264' title='bbox 830 3277 915 3330; x_wconf 77' lang='lat' dir='ltr'>marg.</span> <span class='ocrx_word' id='word_1_265' title='bbox 970 3265 1002 3313; x_wconf 81' lang='lat'>26</span> <span class='ocrx_word' id='word_1_266' title='bbox 1021 3274 1078 3312; x_wconf 89' lang='lat' dir='ltr'>non</span> <span class='ocrx_word' id='word_1_267' title='bbox 1092 3261 1147 3312; x_wconf 87' lang='lat' dir='ltr'>tre-</span> 
     </span>
     <span class='ocr_line' id='line_1_34' title="bbox 132 3327 1146 3400; baseline 0.002 -18"><span class='ocrx_word' id='word_1_268' title='bbox 132 3329 199 3400; x_wconf 91' lang='lat' dir='ltr'>pide</span> <span class='ocrx_word' id='word_1_269' title='bbox 222 3345 280 3382; x_wconf 89' lang='lat' dir='ltr'>non</span> <span class='ocrx_word' id='word_1_270' title='bbox 302 3327 397 3398; x_wconf 84' lang='lat' dir='ltr'>tepide</span> <span class='ocrx_word' id='word_1_271' title='bbox 414 3345 471 3382; x_wconf 89' lang='lat' dir='ltr'>non</span> <span class='ocrx_word' id='word_1_272' title='bbox 489 3329 570 3383; x_wconf 84' lang='lat' dir='ltr'>tarde</span> <span class='ocrx_word' id='word_1_273' title='bbox 588 3331 686 3398; x_wconf 79' lang='lat' dir='ltr'>scripsi</span> <span class='ocrx_word' id='word_1_274' title='bbox 703 3346 764 3383; x_wconf 83' lang='lat' dir='ltr'>com</span> <span class='ocrx_word' id='word_1_275' title='bbox 782 3330 805 3385; x_wconf 76' lang='lat' dir='ltr'><strong><em>S</em></strong></span> <span class='ocrx_word' id='word_1_276' title='bbox 820 3331 878 3385; x_wconf 87' lang='lat' dir='ltr'>coll.</span> <span class='ocrx_word' id='word_1_277' title='bbox 897 3331 1014 3400; x_wconf 73' lang='lat' dir='ltr'>August.</span> <span class='ocrx_word' id='word_1_278' title='bbox 1034 3331 1066 3384; x_wconf 83' lang='lat' dir='ltr'>de</span> <span class='ocrx_word' id='word_1_279' title='bbox 1084 3346 1146 3384; x_wconf 82' lang='lat' dir='ltr'>coo-</span> 
     </span>
     <span class='ocr_line' id='line_1_35' title="bbox 132 3399 1146 3470; baseline -0.003 -14"><span class='ocrx_word' id='word_1_280' title='bbox 132 3417 214 3456; x_wconf 79' lang='lat' dir='ltr'>reoeo</span> <span class='ocrx_word' id='word_1_281' title='bbox 233 3417 327 3470; x_wconf 79' lang='lat' dir='ltr'>eooop.</span> <span class='ocrx_word' id='word_1_282' title='bbox 338 3403 411 3466; x_wconf 84' lang='grc'><strong><em>8,13</em></strong></span> <span class='ocrx_word' id='word_1_283' title='bbox 433 3400 558 3470; x_wconf 78' lang='lat' dir='ltr'>trepides</span> <span class='ocrx_word' id='word_1_284' title='bbox 581 3402 611 3453; x_wconf 86' lang='lat' dir='ltr'>et</span> <span class='ocrx_word' id='word_1_285' title='bbox 631 3399 742 3469; x_wconf 87' lang='lat' dir='ltr'>tepidas</span> <span class='ocrx_word' id='word_1_286' title='bbox 767 3399 1064 3455; x_wconf 85' lang='lat' dir='ltr'>contradictiunculas:</span> <span class='ocrx_word' id='word_1_287' title='bbox 1090 3417 1146 3454; x_wconf 89' lang='lat' dir='ltr'>non</span> 
     </span>
     <span class='ocr_line' id='line_1_36' title="bbox 133 3469 1146 3542; baseline 0 -16"><span class='ocrx_word' id='word_1_288' title='bbox 133 3471 245 3542; x_wconf 83' lang='lat' dir='ltr'>trepide</span> <span class='ocrx_word' id='word_1_289' title='bbox 264 3486 321 3524; x_wconf 91' lang='lat' dir='ltr'>non</span> <span class='ocrx_word' id='word_1_290' title='bbox 338 3470 418 3524; x_wconf 76' lang='lat' dir='ltr'>tarde</span> <span class='ocrx_word' id='word_1_291' title='bbox 436 3486 493 3523; x_wconf 89' lang='lat' dir='ltr'>non</span> <span class='ocrx_word' id='word_1_292' title='bbox 511 3469 606 3541; x_wconf 86' lang='lat' dir='ltr'>tepide</span> <span class='ocrx_word' id='word_1_293' title='bbox 626 3471 649 3526; x_wconf 93' lang='lat' dir='ltr'><em>O</em></span> <span class='ocrx_word' id='word_1_294' title='bbox 679 3487 736 3524; x_wconf 89' lang='lat' dir='ltr'>non</span> <span class='ocrx_word' id='word_1_295' title='bbox 749 3471 844 3541; x_wconf 87' lang='lat' dir='ltr'>tepide</span> <span class='ocrx_word' id='word_1_296' title='bbox 857 3487 914 3525; x_wconf 89' lang='lat' dir='ltr'>non</span> <span class='ocrx_word' id='word_1_297' title='bbox 926 3472 1007 3525; x_wconf 84' lang='lat' dir='ltr'>tarde</span> <span class='ocrx_word' id='word_1_298' title='bbox 1021 3489 1077 3526; x_wconf 92' lang='lat' dir='ltr'>non</span> <span class='ocrx_word' id='word_1_299' title='bbox 1090 3473 1146 3526; x_wconf 85' lang='lat' dir='ltr'>tre-</span> 
     </span>
     <span class='ocr_line' id='line_1_37' title="bbox 133 3541 895 3614; baseline -0.001 -17"><span class='ocrx_word' id='word_1_300' title='bbox 133 3543 199 3614; x_wconf 89' lang='lat' dir='ltr'>pide</span> <span class='ocrx_word' id='word_1_301' title='bbox 216 3542 244 3597; x_wconf 87' lang='lat' dir='ltr'><em>T</em></span> <span class='ocrx_word' id='word_1_302' title='bbox 311 3547 344 3594; x_wconf 74' lang='lat'>27</span> <span class='ocrx_word' id='word_1_303' title='bbox 362 3541 512 3595; x_wconf 90' lang='lat' dir='ltr'>murmorio</span> <span class='ocrx_word' id='word_1_304' title='bbox 531 3541 648 3610; x_wconf 80' lang='lat' dir='ltr'><em>ST(O?)</em></span> <span class='ocrx_word' id='word_1_305' title='bbox 721 3558 784 3596; x_wconf 90' lang='lat' dir='ltr'>cum</span> <span class='ocrx_word' id='word_1_306' title='bbox 802 3559 851 3598; x_wconf 84' lang='lat' dir='ltr'>orn.</span> <span class='ocrx_word' id='word_1_307' title='bbox 869 3542 895 3596; x_wconf 83' lang='lat' dir='ltr'><em>T</em></span> 
     </span>
    </p>
   </div>
   <div class='ocr_carea' id='block_1_7' title="bbox 0 0 1346 3924">
    <p class='ocr_par' dir='ltr' id='par_1_9' title="bbox 0 0 1346 3924">
     <span class='ocr_line' id='line_1_38' title="bbox 0 0 1346 3924; baseline 0 0"><span class='ocrx_word' id='word_1_308' title='bbox 0 0 1346 3924; x_wconf 95' lang='lat' dir='ltr'> </span> 
     </span>
    </p>
   </div>
  </div>
 </body>
</html>
