2684 3924
557 207 744 265 CAPITULA.
1138 213 1156 276 7

247 357 340 418 Αἱ.
362 358 408 419 De
423 356 578 433 fratribus
595 361 649 433 qui
665 362 754 434 lonpe
773 360 811 420 ab
826 363 965 422 oraturio
980 369 1155 438 operantur.

219 481 267 514 a
286 441 338 506 LI.
362 447 408 507 De
432 445 586 522 frutribus
610 450 673 522 -oui
701 465 761 509 non
797 451 873 510 satis
909 452 998 526 lonpe
1030 453 1156 528 profici·
1171 468 1197 509 so

359 541 497 596 seuntur.

266 621 336 682 LII.
359 623 406 684 De
428 626 568 685 oraturio
591 628 774 686 monasterii.

161 743 222 770 s«
249 711 336 771 LIII.
359 712 407 773 De
427 713 594 790 hospitibus
616 716 825 790 suscipiendis.

209 799 302 862 A]
306 800 336 862 V.
365 801 403 862 Ut
423 818 483 862 non
506 803 616 863 debeat
636 804 802 864 monachus
820 805 938 865 litteras
956 807 1005 865 uel
1021 808 1157 880 eulopias

358 893 523 966 suscipere.
1169 911 1195 952 ss

270 977 335 1038 LV.
359 978 405 1038 Ile
424 982 576 1040 vestiariis
599 982 646 1040 uel
666 982 825 1041 calciariis
844 979 990 1057 fratrum.

186 1065 335 1127 ...LVI
359 1067 405 1127 Ile
428 1084 531 1128 mensa
554 1068 682 1129 abbatis.

160 1189 162 1196 ‹
188 1156 333 1216 “LVII.
357 1156 403 1216 De
426 1157 597 1230 artificibus
618 1159 803 1218 monasterii.

148 1245 336 1305 '‘LVIII.
358 1245 405 1305 De
428 1248 536 1306 ordine
557 1248 820 1322 suscipiendorum
839 1245 984 1322 fratrum.

210 1331 333 1394 “LIX.
357 1333 404 1394 De
423 1336 497 1407 filiis
519 1335 664 1395 nobilium
686 1338 734 1396 uel
750 1352 931 1412 pauperum.
1170 1355 1196 1393 n>

267 1422 333 1483 LX.
357 1422 403 1482 De
429 1423 640 1485 sacerdotibus
667 1426 721 1498 qui
748 1426 779 1483 in
806 1426 989 1484 monasterio
1013 1425 1157 1486 babitare

358 1513 516 1572 voluerint.

250 1598 334 1659 LXI.
358 1599 404 1659 Ile
426 1602 582 1661 monacbis
601 1601 784 1675 pereprinis.

232 1687 334 1747 LXII.
357 1688 404 1748 Ile
425 1688 635 1750 sacerdotibus
658 1689 842 1748 monasterii.

174 1774 334 1836 rexlol.
358 1775 404 1835 Be
427 1779 536 1837 ordine
558 1777 813 1851 conprepationis.

168 1879 207 1898 *⁹
220 1863 334 1923 LXIV.
358 1864 405 1924 Ile
427 1866 598 1925 ordinando
622 1864 740 1924 abbate.

195 1952 301 2012 ‘LX
306 1952 336 2011 V.
360 1952 407 2013 Ile
425 1954 610 2030 praeposito.

176 2039 334 2102 »vem
359 2042 404 2102 De
426 2043 583 2102 hostiariis
607 2044 792 2102 monasterii.

160 2129 335 2190 -LXVII,
359 2130 405 2190 de
424 2128 579 2206 frutribus
602 2133 634 2190 in
657 2133 708 2191 aia
731 2131 863 2192 directis.

125 2218 333 2279 4LXVIII.
357 2219 394 2280 Si
411 2218 511 2295 fratri
532 2221 718 2295 inpossibilia
742 2220 915 2281 iubeantur.
1169 2240 1196 2279 ss

176 2307 334 2376 ..LXIX
364 2309 400 2369 Ul
422 2311 454 2369 in
477 2310 659 2368 monasterio
682 2325 744 2368 non
764 2315 944 2384 praesumat
963 2311 1042 2369 alter
1061 2311 1155 2369 alium

359 2395 533 2473 defendere.

192 2485 332 2546 ..··LXX.
361 2486 397 2547 Ut
419 2502 479 2546 non
504 2491 684 2561 praesumat
710 2486 868 2560 nunquam
898 2487 991 2546 alium
1015 2487 1155 2547 caedere.

166 2573 335 2634 a···LXXI.
364 2575 401 2634 Ut
422 2574 611 2634 oboedientes
629 2573 690 2633 sibi
710 2576 772 2632 sint
794 2575 929 2632 invicem.

145 2685 149 2690 ·
199 2660 333 2722 LXXII.
358 2662 404 2722 De
425 2664 492 2722 zelo
516 2662 592 2722 bono
615 2663 697 2734 quod
718 2660 828 2720 debent
848 2663 992 2721 monaebi
1012 2662 1136 2723 babere.
1169 2681 1196 2722 ss

140 2749 335 2814 ,LXXIII
359 2748 405 2810 De
426 2750 485 2810 boe
512 2749 594 2823 quod
619 2765 680 2809 non
703 2752 798 2810 omnis
824 2749 992 2810 obseruatio
1022 2753 1157 2812 iustitiae

360 2841 390 2898 in
412 2839 473 2899 bae
495 2840 536 2899 sit
557 2840 666 2912 repula
690 2840 862 2899 constituto.

217 3032 250 3081 69
270 3042 286 3080 ο
308 3027 421 3080 ernniur
441 3026 465 3081 0
492 3028 609 3095 sperant
626 3026 648 3080 S
673 3025 804 3079 laborant
825 3025 850 3078 Τ
906 3030 939 3079 60
959 3025 1028 3080 satis
1048 3028 1092 3095 (=
1107 3026 1156 3079 ad-

145 3097 270 3168 modum)
287 3045 417 3168 iongeO
452 3097 538 3166 longa
556 3095 666 3151 satisS
694 3095 778 3165 longe
799 3096 825 3148 Τ
885 3103 919 3150 63
939 3095 1158 3165 suscipientesS

218 3174 252 3222 64
271 3168 394 3223 debeant
411 3167 543 3223 monaehi
561 3167 706 3238 euglogias
725 3168 747 3222 S
817 3171 850 3221 66
868 3166 988 3220 fratrum
1006 3184 1055 3221 oon.
1078 3168 1102 3220 Τ

146 3241 180 3292 78
198 3237 341 3292 hostiariis
366 3239 416 3294 OS
450 3237 572 3294 ostiariis
593 3239 618 3291 Τ
688 3243 723 3292 80
741 3235 967 3307 iniungsmiurs
1031 3243 1064 3291 81
1085 3237 1158 3292 alter

146 3308 266 3363 alierum
287 3311 313 3364 Τ
369 3316 402 3363 83
422 3311 536 3365 caedere
556 3311 606 3363 aut
624 3308 862 3364 excommunicare
880 3308 932 3362 ST
986 3313 1019 3362 84
1038 3308 1157 3363 invicem

146 3378 258 3504 {linire}
270 3381 292 3435 S
366 3386 399 3435 85
419 3382 505 3452 quod]
529 3397 613 3449 quem
633 3397 698 3436 reae.
773 3385 806 3434 87
831 3378 992 3448 Expliciuni
1014 3380 1156 3450 capitulae
