2684 3924
227 183 291 236 XIV
622 179 837 238 PRAEFATIO.

227 333 288 391 riae
315 330 445 409 prodidit
473 333 503 391 in
531 329 684 390 Benedicti
715 332 786 410 vita,
818 327 927 389 Romae
960 337 1073 408 autem,
1111 347 1169 407 quo
1205 347 1242 390 se

228 419 404 500 contulerat,
437 420 508 480 adeo
541 421 688 497 corruptis
720 419 886 498 hominum,
924 420 975 496 qui
1010 425 1073 477 tum
1106 416 1243 500 luerunt,

227 507 361 569 moribus
390 508 549 568 deterritus
577 515 638 586 est,
672 514 705 568 ut
735 506 840 567 urbem
874 505 1056 585 relinqueret
1087 501 1242 567 ‘scienter

228 599 348 657 nescius
367 603 397 656 et
416 598 565 676 sapienter
583 591 740 656 indoctus'.
770 595 814 655 Ex
832 597 896 673 ipsa
914 593 1025 673 Regula
1044 613 1112 655 eum
1130 594 1242 656 Hiero-

225 688 322 765 nymi,
353 686 510 764 Augustini
533 703 635 766 opera,
663 684 796 745 Cassiani
824 683 1008 764 collationes,
1037 682 1137 744 Rufini
1160 685 1240 744 vitas

226 773 346 834 Patrum
374 774 482 852 legisse
511 773 705 854 intellegitur,
736 773 787 834 sed
816 791 884 833 cum
907 790 1058 833 secessum
1080 772 1241 833 hominum

227 862 435 923 consuetudini
456 862 633 943 praeferret,
656 864 869 922 monasterium
890 860 959 922 urbi
982 880 1015 922 ac
1037 861 1115 941 loro,
1139 861 1240 921 credi-

227 951 286 1011 bile
312 958 358 1011 est
380 969 447 1011 eum
471 953 569 1011 minus
588 950 696 1011 litteris
720 952 811 1012 luisse
831 950 980 1010 excultum
999 967 1086 1029 quam
1106 949 1239 1024 Boetios

226 1039 386 1119 Ennodios‚
410 1039 609 1100 Cassiodoros.
898 1107 900 1114 ,

294 1127 396 1188 Restat
419 1136 451 1189 ut
474 1146 577 1188 eorum
596 1130 698 1208 gratia,
722 1130 773 1207 qui
792 1130 823 1188 in
842 1127 953 1188 saeculi
971 1129 1046 1188 sexti
1066 1127 1238 1188 litterarum

227 1219 426 1278 monumentis
453 1235 559 1296 parum
586 1219 695 1278 versati
722 1219 794 1296 sint,
826 1235 919 1295 pauca
946 1233 1123 1297 proponam,
1155 1217 1238 1277 unde

229 1306 300 1386 quid
328 1313 431 1384 agatur
453 1305 560 1366 melius
583 1308 678 1384 possit
701 1307 848 1383 cognosci.
890 1305 931 1365 Ac
955 1306 990 1364 de
1015 1305 1146 1365 oonbrsis
1170 1309 1239 1384 qui-

227 1395 294 1455 dem
322 1397 482 1456 accusativi
509 1402 540 1454 et
567 1393 684 1454 ablatiu'
710 1395 813 1453 lormis
837 1396 1013 1472 praesertim
1041 1393 1236 1456 antecedente

227 1489 258 1545 in
278 1486 496 1563 praepositione
516 1486 564 1543 vix
583 1501 657 1562 opus
676 1485 733 1543 erit
749 1483 906 1563 disserere,
925 1501 992 1543 oum
1010 1483 1099 1543 huius
1114 1486 1237 1560 generis

228 1572 370 1652 exemplis
390 1572 539 1633 abundent
558 1571 678 1632 Patrum
697 1578 866 1632 sanctorum
884 1572 1014 1632 codices:
1038 1573 1131 1649 magis
1146 1573 1238 1632 mira-

226 1660 337 1722 buntur
359 1659 409 1742 18,
424 1658 467 1724 53
486 1681 502 1721 a
521 1670 617 1742 caput,
635 1657 744 1741 41,11
765 1659 801 1721 ab
820 1660 896 1739 idus,
919 1658 1028 1741 48,18
1048 1679 1065 1720 a
1084 1658 1236 1742 kalendaS,

229 1748 336 1830 17,13
356 1768 425 1809 cum
443 1750 602 1831 antelanaS,
621 1745 708 1829 9,15
727 1749 764 1809 de
784 1749 887 1809 sedilia
906 1767 958 1809 sua
978 1756 1108 1829 surgant,
1128 1746 1236 1829 11,10

225 1846 293 1916 post
316 1837 433 1918 quibus,
457 1836 543 1919 39,3
567 1846 689 1918 propter
711 1837 942 1918 infirmitatibus
965 1835 1017 1919 61,
1030 1835 1072 1898 27
1097 1839 1162 1898 sine
1186 1838 1236 1898 lit-

226 1936 305 1987 teras
334 1926 600 1988 commendaticias
647 1927 766 1987 Scilicet
788 1934 906 2006 praeter
930 1944 1015 1986 casus
1039 1933 1236 1988 commutatos

226 2015 406 2076 monendum
434 2017 633 2076 accusativum
659 2018 690 2076 in
718 2015 816 2076 locum
843 2017 1015 2076 nominativi
1043 2017 1235 2096 successisse,

226 2112 259 2165 ut
282 2104 362 2166 illius
386 2106 490 2164 aetatis
512 2104 648 2164 homines
671 2122 731 2163 non
753 2100 865 2164 ‘lectio'
884 2103 1026 2183 dicerent,
1049 2103 1100 2163 sed
1120 2100 1234 2165 ‘lectio-

227 2189 320 2273 nem',
348 2193 394 2253 vel
421 2193 525 2253 ultima
552 2191 650 2253 littera
678 2194 806 2252 extincta
831 2188 989 2252 ‘lectione'
1012 2185 1087 2275 (ital
1111 2191 1234 2274 lenione,

226 2282 354 2360 lrancog.
374 2275 487 2366 logon),
511 2299 571 2342 non
590 2277 726 2361 ‘versus',
751 2281 801 2340 sed
821 2276 959 2362 ‘versom,
982 2275 1088 2340 verso'.
1125 2280 1167 2342 Cl.
1188 2300 1233 2342 ex.

227 2389 269 2449 gr.
289 2388 351 2449 cap.
373 2368 422 2431 17.
459 2367 557 2441 Quid?
580 2369 657 2449 quod
677 2369 813 2430 dicebant
832 2363 899 2452 (15,
913 2368 943 2430 4.
961 2365 1014 2448 41,
1028 2363 1063 2452 3)
1085 2365 1112 2429 ‘a
1130 2377 1233 2448 pente-

227 2455 350 2540 costen',
375 2459 453 2519 unde
477 2467 612 2519 nostrum
636 2452 819 2538 ‘Plingsten',
844 2455 925 2538 12,7
953 2455 1000 2518 ‘de
1024 2453 1232 2537 apocalypsin'.

226 2548 264 2608 Et
291 2548 369 2628 quod
396 2550 428 2608 in
452 2547 542 2609 Gallia
568 2547 710 2608 accidisse
735 2548 860 2627 scimus,
887 2553 920 2607 ut
943 2542 1093 2606 ‘coronae'
1116 2546 1233 2607 abirent

226 2640 257 2697 in
281 2634 429 2698 ‘coronas'
454 2631 511 2719 (les
534 2630 723 2719 couronnes),
747 2637 836 2696 etiam
859 2654 874 2695 a
897 2635 1056 2695 Benedioto
1080 2652 1140 2694 non
1163 2635 1233 2696 alie-

131 2717 133 2722 ’
226 2744 297 2785 num
326 2726 417 2786 luisse
445 2728 549 2804 optimi
576 2725 693 2786 codices
721 2732 881 2805 testantur,
909 2741 1034 2802 quorum
1059 2725 1232 2786 auctoritate

226 2817 338 2892 passim
362 2810 490 2874 ‘missas'
515 2816 621 2892 scripsi
644 2831 698 2892 pro
723 2809 862 2873 ‘missae'.
899 2812 1030 2873 Alterum
1050 2813 1232 2874 confusionis

226 2920 319 2982 genus
338 2902 393 2962 hoo
413 2909 466 2982 est,
484 2909 517 2962 ut
535 2904 708 2962 nominativi
726 2903 949 2980 participiorum
965 2903 1130 2979 praesentis
1145 2904 1233 2962 activi

227 2990 478 3052 substituerentur
514 2992 599 3069 quasi
634 2989 857 3051 indeclinabiles
893 2988 1009 3050 casibus
1043 2989 1231 3068 quibuslibet.

227 3079 300 3140 Cum
326 3081 405 3138 enim
428 3086 509 3139 recte
532 3079 708 3139 benedictus
733 3078 876 3140 scriberet
898 3077 972 3157 prol.
992 3076 1035 3140 64
1057 3076 1164 3139 Paulus
1187 3081 1232 3139 in-

226 3171 339 3248 putavit
362 3167 477 3247 dicens,
501 3175 580 3228 recte
606 3167 634 3248 7,
653 3165 695 3230 82
719 3167 852 3228 discedat
874 3166 989 3227 dicente
1013 3165 1179 3247 Scriptura,
1203 3176 1233 3228 et

226 3275 286 3317 non
309 3257 407 3318 minus
430 3263 510 3317 recte
533 3253 620 3336 25,6
640 3255 764 3335 apostoli
787 3258 964 3316 sententiam
987 3255 1126 3336 dicentis,
1154 3255 1232 3316 idem

225 3353 325 3406 tamen
356 3364 416 3406 non
448 3344 591 3406 dubitavit
623 3345 753 3405 scribere
786 3344 858 3423 prol.
883 3340 924 3406 51
954 3344 1106 3406 audiamus
1135 3343 1231 3405 Domi·

226 3453 316 3494 num.
332 3481 339 3494 .
354 3482 361 3494 .
374 3435 485 3514 dicens,
510 3433 538 3514 7,
552 3431 595 3496 35
620 3453 672 3495 sua
694 3434 769 3494 lacta
792 3434 895 3513 videri,
919 3433 1124 3494 demonstrans
1147 3433 1232 3494 nobis

226 3523 281 3584 hoc
304 3523 447 3603 propheta
471 3517 655 3606 (01.7,129
679 3529 862 3582 monstrante
886 3514 1067 3604 Scriptura),
1090 3519 1178 3602 40,4
1201 3525 1230 3583 in
